[{"opId":1,"ts":1751256930879,"op":"l","o":{"id":"MOCK-BID-ABNB-1-1751256930879","side":"buy","price":159.84,"size":4.5674204505251454,"type":"limit"}},{"opId":2,"ts":1751256930880,"op":"l","o":{"id":"MOCK-BID-ABNB-2-1751256930880","side":"buy","price":159.68,"size":2.3086409228575677,"type":"limit"}},{"opId":3,"ts":1751256930882,"op":"l","o":{"id":"MOCK-BID-ABNB-3-1751256930881","side":"buy","price":159.52,"size":1.0175281117878243,"type":"limit"}},{"opId":4,"ts":1751256930883,"op":"l","o":{"id":"MOCK-BID-ABNB-4-1751256930883","side":"buy","price":159.36,"size":1.6447771944375966,"type":"limit"}},{"opId":5,"ts":1751256930885,"op":"l","o":{"id":"MOCK-BID-ABNB-5-1751256930884","side":"buy","price":159.2,"size":4.805555776609619,"type":"limit"}},{"opId":6,"ts":1751256930886,"op":"l","o":{"id":"MOCK-BID-ABNB-6-1751256930886","side":"buy","price":159.04,"size":2.78364203770299,"type":"limit"}},{"opId":7,"ts":1751256930888,"op":"l","o":{"id":"MOCK-BID-ABNB-7-1751256930887","side":"buy","price":158.88,"size":0.7484439054550639,"type":"limit"}},{"opId":8,"ts":1751256930889,"op":"l","o":{"id":"MOCK-BID-ABNB-8-1751256930889","side":"buy","price":158.72,"size":1.485526020642698,"type":"limit"}},{"opId":9,"ts":1751256930891,"op":"l","o":{"id":"MOCK-BID-ABNB-9-1751256930891","side":"buy","price":158.56,"size":2.201828484721313,"type":"limit"}},{"opId":10,"ts":1751256930892,"op":"l","o":{"id":"MOCK-BID-ABNB-10-1751256930892","side":"buy","price":158.4,"size":0.6553330132125122,"type":"limit"}},{"opId":11,"ts":1751256930894,"op":"l","o":{"id":"MOCK-ASK-ABNB-1-1751256930894","side":"sell","price":160.16,"size":1.3394316692966024,"type":"limit"}},{"opId":12,"ts":1751256930896,"op":"l","o":{"id":"MOCK-ASK-ABNB-2-1751256930896","side":"sell","price":160.32,"size":0.6545659351580323,"type":"limit"}},{"opId":13,"ts":1751256930898,"op":"l","o":{"id":"MOCK-ASK-ABNB-3-1751256930897","side":"sell","price":160.48,"size":2.575363830278207,"type":"limit"}},{"opId":14,"ts":1751256930899,"op":"l","o":{"id":"MOCK-ASK-ABNB-4-1751256930899","side":"sell","price":160.64,"size":2.128402101743926,"type":"limit"}},{"opId":15,"ts":1751256930901,"op":"l","o":{"id":"MOCK-ASK-ABNB-5-1751256930901","side":"sell","price":160.8,"size":2.7948795109446603,"type":"limit"}},{"opId":16,"ts":1751256930903,"op":"l","o":{"id":"MOCK-ASK-ABNB-6-1751256930902","side":"sell","price":160.96,"size":3.5974970603336653,"type":"limit"}},{"opId":17,"ts":1751256930904,"op":"l","o":{"id":"MOCK-ASK-ABNB-7-1751256930904","side":"sell","price":161.12,"size":2.399236734967453,"type":"limit"}},{"opId":18,"ts":1751256930906,"op":"l","o":{"id":"MOCK-ASK-ABNB-8-1751256930906","side":"sell","price":161.28,"size":4.01396135112261,"type":"limit"}},{"opId":19,"ts":1751256930908,"op":"l","o":{"id":"MOCK-ASK-ABNB-9-1751256930908","side":"sell","price":161.44,"size":0.15101427262519831,"type":"limit"}},{"opId":20,"ts":1751256930910,"op":"l","o":{"id":"MOCK-ASK-ABNB-10-1751256930910","side":"sell","price":161.6,"size":0.9435934078530049,"type":"limit"}},{"opId":21,"ts":1751350792157,"op":"l","o":{"id":"MOCK-BID-ABNB-1-1751350792157","side":"buy","price":159.84,"size":2.094329799751531,"type":"limit"}},{"opId":22,"ts":1751350792158,"op":"l","o":{"id":"MOCK-BID-ABNB-2-1751350792158","side":"buy","price":159.68,"size":1.3727145500538507,"type":"limit"}},{"opId":23,"ts":1751350792160,"op":"l","o":{"id":"MOCK-BID-ABNB-3-1751350792160","side":"buy","price":159.52,"size":1.8835196768764761,"type":"limit"}},{"opId":24,"ts":1751350792162,"op":"l","o":{"id":"MOCK-BID-ABNB-4-1751350792162","side":"buy","price":159.36,"size":0.9123863951309862,"type":"limit"}},{"opId":25,"ts":1751350792164,"op":"l","o":{"id":"MOCK-BID-ABNB-5-1751350792164","side":"buy","price":159.2,"size":0.7567950998615868,"type":"limit"}},{"opId":26,"ts":1751350792166,"op":"l","o":{"id":"MOCK-BID-ABNB-6-1751350792166","side":"buy","price":159.04,"size":4.71473220143095,"type":"limit"}},{"opId":27,"ts":1751350792171,"op":"l","o":{"id":"MOCK-BID-ABNB-7-1751350792171","side":"buy","price":158.88,"size":2.8778412491838057,"type":"limit"}},{"opId":28,"ts":1751350792171,"op":"l","o":{"id":"MOCK-BID-ABNB-8-1751350792171","side":"buy","price":158.72,"size":3.845487848604153,"type":"limit"}},{"opId":29,"ts":1751350792172,"op":"l","o":{"id":"MOCK-BID-ABNB-9-1751350792172","side":"buy","price":158.56,"size":3.3974556674259806,"type":"limit"}},{"opId":30,"ts":1751350792173,"op":"l","o":{"id":"MOCK-BID-ABNB-10-1751350792173","side":"buy","price":158.4,"size":4.551163385446674,"type":"limit"}},{"opId":31,"ts":1751350792174,"op":"l","o":{"id":"MOCK-ASK-ABNB-1-1751350792174","side":"sell","price":160.16,"size":1.011326644954531,"type":"limit"}},{"opId":32,"ts":1751350792175,"op":"l","o":{"id":"MOCK-ASK-ABNB-2-1751350792175","side":"sell","price":160.32,"size":2.534513387083573,"type":"limit"}},{"opId":33,"ts":1751350792175,"op":"l","o":{"id":"MOCK-ASK-ABNB-3-1751350792175","side":"sell","price":160.48,"size":5.030642653485716,"type":"limit"}},{"opId":34,"ts":1751350792177,"op":"l","o":{"id":"MOCK-ASK-ABNB-4-1751350792177","side":"sell","price":160.64,"size":4.915323032347951,"type":"limit"}},{"opId":35,"ts":1751350792179,"op":"l","o":{"id":"MOCK-ASK-ABNB-5-1751350792179","side":"sell","price":160.8,"size":2.869291119622607,"type":"limit"}},{"opId":36,"ts":1751350792181,"op":"l","o":{"id":"MOCK-ASK-ABNB-6-1751350792181","side":"sell","price":160.96,"size":3.1750721092355225,"type":"limit"}},{"opId":37,"ts":1751350792182,"op":"l","o":{"id":"MOCK-ASK-ABNB-7-1751350792182","side":"sell","price":161.12,"size":2.0566603869063482,"type":"limit"}},{"opId":38,"ts":1751350792183,"op":"l","o":{"id":"MOCK-ASK-ABNB-8-1751350792183","side":"sell","price":161.28,"size":1.6281609642895833,"type":"limit"}},{"opId":39,"ts":1751350792184,"op":"l","o":{"id":"MOCK-ASK-ABNB-9-1751350792184","side":"sell","price":161.44,"size":3.6987821647938612,"type":"limit"}},{"opId":40,"ts":1751350792186,"op":"l","o":{"id":"MOCK-ASK-ABNB-10-1751350792186","side":"sell","price":161.6,"size":2.584561524559099,"type":"limit"}},{"opId":41,"ts":1751351925871,"op":"l","o":{"id":"MOCK-BID-ABNB-1-1751351925870","side":"buy","price":159.84,"size":0.6166508866769626,"type":"limit"}},{"opId":42,"ts":1751351925873,"op":"l","o":{"id":"MOCK-BID-ABNB-2-1751351925873","side":"buy","price":159.68,"size":0.8400273972403082,"type":"limit"}},{"opId":43,"ts":1751351925875,"op":"l","o":{"id":"MOCK-BID-ABNB-3-1751351925874","side":"buy","price":159.52,"size":1.8970534497202918,"type":"limit"}},{"opId":44,"ts":1751351925876,"op":"l","o":{"id":"MOCK-BID-ABNB-4-1751351925876","side":"buy","price":159.36,"size":1.800027694272407,"type":"limit"}},{"opId":45,"ts":1751351925877,"op":"l","o":{"id":"MOCK-BID-ABNB-5-1751351925877","side":"buy","price":159.2,"size":3.3510356173878675,"type":"limit"}},{"opId":46,"ts":1751351925879,"op":"l","o":{"id":"MOCK-BID-ABNB-6-1751351925879","side":"buy","price":159.04,"size":0.3984189946296711,"type":"limit"}},{"opId":47,"ts":1751351925880,"op":"l","o":{"id":"MOCK-BID-ABNB-7-1751351925880","side":"buy","price":158.88,"size":3.5729302509062886,"type":"limit"}},{"opId":48,"ts":1751351925882,"op":"l","o":{"id":"MOCK-BID-ABNB-8-1751351925881","side":"buy","price":158.72,"size":4.272067891444885,"type":"limit"}},{"opId":49,"ts":1751351925884,"op":"l","o":{"id":"MOCK-BID-ABNB-9-1751351925884","side":"buy","price":158.56,"size":3.7390011713721747,"type":"limit"}},{"opId":50,"ts":1751351925886,"op":"l","o":{"id":"MOCK-BID-ABNB-10-1751351925885","side":"buy","price":158.4,"size":1.2101623417387442,"type":"limit"}},{"opId":51,"ts":1751351925888,"op":"l","o":{"id":"MOCK-ASK-ABNB-1-1751351925888","side":"sell","price":160.16,"size":0.23571054780681325,"type":"limit"}},{"opId":52,"ts":1751351925893,"op":"l","o":{"id":"MOCK-ASK-ABNB-2-1751351925893","side":"sell","price":160.32,"size":4.6543204784523216,"type":"limit"}},{"opId":53,"ts":1751351925894,"op":"l","o":{"id":"MOCK-ASK-ABNB-3-1751351925894","side":"sell","price":160.48,"size":0.433017704107893,"type":"limit"}},{"opId":54,"ts":1751351925895,"op":"l","o":{"id":"MOCK-ASK-ABNB-4-1751351925895","side":"sell","price":160.64,"size":0.7139677187965564,"type":"limit"}},{"opId":55,"ts":1751351925896,"op":"l","o":{"id":"MOCK-ASK-ABNB-5-1751351925896","side":"sell","price":160.8,"size":4.930133303021673,"type":"limit"}},{"opId":56,"ts":1751351925898,"op":"l","o":{"id":"MOCK-ASK-ABNB-6-1751351925898","side":"sell","price":160.96,"size":0.32130899937258917,"type":"limit"}},{"opId":57,"ts":1751351925900,"op":"l","o":{"id":"MOCK-ASK-ABNB-7-1751351925900","side":"sell","price":161.12,"size":1.7496092432348254,"type":"limit"}},{"opId":58,"ts":1751351925905,"op":"l","o":{"id":"MOCK-ASK-ABNB-8-1751351925905","side":"sell","price":161.28,"size":0.9042089068447711,"type":"limit"}},{"opId":59,"ts":1751351925907,"op":"l","o":{"id":"MOCK-ASK-ABNB-9-1751351925907","side":"sell","price":161.44,"size":2.0706363085114643,"type":"limit"}},{"opId":60,"ts":1751351925908,"op":"l","o":{"id":"MOCK-ASK-ABNB-10-1751351925908","side":"sell","price":161.6,"size":3.8093656885750327,"type":"limit"}},{"opId":61,"ts":1751352295973,"op":"l","o":{"id":"MOCK-BID-ABNB-1-1751352295973","side":"buy","price":159.84,"size":4.449780913269285,"type":"limit"}},{"opId":62,"ts":1751352295975,"op":"l","o":{"id":"MOCK-BID-ABNB-2-1751352295975","side":"buy","price":159.68,"size":0.4865953976644143,"type":"limit"}},{"opId":63,"ts":1751352295978,"op":"l","o":{"id":"MOCK-BID-ABNB-3-1751352295978","side":"buy","price":159.52,"size":0.3253405912022932,"type":"limit"}},{"opId":64,"ts":1751352295980,"op":"l","o":{"id":"MOCK-BID-ABNB-4-1751352295980","side":"buy","price":159.36,"size":4.979499603031424,"type":"limit"}},{"opId":65,"ts":1751352295983,"op":"l","o":{"id":"MOCK-BID-ABNB-5-1751352295983","side":"buy","price":159.2,"size":2.157814958982874,"type":"limit"}},{"opId":66,"ts":1751352295988,"op":"l","o":{"id":"MOCK-BID-ABNB-6-1751352295988","side":"buy","price":159.04,"size":4.001246989176101,"type":"limit"}},{"opId":67,"ts":1751352295992,"op":"l","o":{"id":"MOCK-BID-ABNB-7-1751352295992","side":"buy","price":158.88,"size":1.005759634315041,"type":"limit"}},{"opId":68,"ts":1751352295994,"op":"l","o":{"id":"MOCK-BID-ABNB-8-1751352295994","side":"buy","price":158.72,"size":3.610055156285712,"type":"limit"}},{"opId":69,"ts":1751352295995,"op":"l","o":{"id":"MOCK-BID-ABNB-9-1751352295995","side":"buy","price":158.56,"size":2.2758562013397596,"type":"limit"}},{"opId":70,"ts":1751352295997,"op":"l","o":{"id":"MOCK-BID-ABNB-10-1751352295997","side":"buy","price":158.4,"size":3.645142061366986,"type":"limit"}},{"opId":71,"ts":1751352295999,"op":"l","o":{"id":"MOCK-ASK-ABNB-1-1751352295999","side":"sell","price":160.16,"size":2.48745309610057,"type":"limit"}},{"opId":72,"ts":1751352296003,"op":"l","o":{"id":"MOCK-ASK-ABNB-2-1751352296003","side":"sell","price":160.32,"size":4.633707591748456,"type":"limit"}},{"opId":73,"ts":1751352296005,"op":"l","o":{"id":"MOCK-ASK-ABNB-3-1751352296005","side":"sell","price":160.48,"size":0.9517436532504974,"type":"limit"}},{"opId":74,"ts":1751352296008,"op":"l","o":{"id":"MOCK-ASK-ABNB-4-1751352296008","side":"sell","price":160.64,"size":4.697157931170298,"type":"limit"}},{"opId":75,"ts":1751352296014,"op":"l","o":{"id":"MOCK-ASK-ABNB-5-1751352296014","side":"sell","price":160.8,"size":0.8625793847455742,"type":"limit"}},{"opId":76,"ts":1751352296015,"op":"l","o":{"id":"MOCK-ASK-ABNB-6-1751352296015","side":"sell","price":160.96,"size":4.2521096806033425,"type":"limit"}},{"opId":77,"ts":1751352296019,"op":"l","o":{"id":"MOCK-ASK-ABNB-7-1751352296019","side":"sell","price":161.12,"size":5.06249280176623,"type":"limit"}},{"opId":78,"ts":1751352296024,"op":"l","o":{"id":"MOCK-ASK-ABNB-8-1751352296024","side":"sell","price":161.28,"size":4.505570934793932,"type":"limit"}},{"opId":79,"ts":1751352296025,"op":"l","o":{"id":"MOCK-ASK-ABNB-9-1751352296025","side":"sell","price":161.44,"size":0.3988988551932581,"type":"limit"}},{"opId":80,"ts":1751352296026,"op":"l","o":{"id":"MOCK-ASK-ABNB-10-1751352296026","side":"sell","price":161.6,"size":3.310827882226426,"type":"limit"}},{"opId":81,"ts":1751354317477,"op":"l","o":{"id":"MOCK-BID-ABNB-1-1751354317477","side":"buy","price":159.84,"size":2.863230870541987,"type":"limit"}},{"opId":82,"ts":1751354317480,"op":"l","o":{"id":"MOCK-BID-ABNB-2-1751354317480","side":"buy","price":159.68,"size":3.335595459573566,"type":"limit"}},{"opId":83,"ts":1751354317482,"op":"l","o":{"id":"MOCK-BID-ABNB-3-1751354317482","side":"buy","price":159.52,"size":1.365139226069123,"type":"limit"}},{"opId":84,"ts":1751354317485,"op":"l","o":{"id":"MOCK-BID-ABNB-4-1751354317485","side":"buy","price":159.36,"size":0.734934170936432,"type":"limit"}},{"opId":85,"ts":1751354317488,"op":"l","o":{"id":"MOCK-BID-ABNB-5-1751354317488","side":"buy","price":159.2,"size":0.5098590945836233,"type":"limit"}},{"opId":86,"ts":1751354317491,"op":"l","o":{"id":"MOCK-BID-ABNB-6-1751354317491","side":"buy","price":159.04,"size":2.3084333128835643,"type":"limit"}},{"opId":87,"ts":1751354317498,"op":"l","o":{"id":"MOCK-BID-ABNB-7-1751354317498","side":"buy","price":158.88,"size":0.5166230203785803,"type":"limit"}},{"opId":88,"ts":1751354317503,"op":"l","o":{"id":"MOCK-BID-ABNB-8-1751354317502","side":"buy","price":158.72,"size":0.24473103728578463,"type":"limit"}},{"opId":89,"ts":1751354317508,"op":"l","o":{"id":"MOCK-BID-ABNB-9-1751354317507","side":"buy","price":158.56,"size":3.5673307177871663,"type":"limit"}},{"opId":90,"ts":1751354317511,"op":"l","o":{"id":"MOCK-BID-ABNB-10-1751354317511","side":"buy","price":158.4,"size":0.22702386927506804,"type":"limit"}},{"opId":91,"ts":1751354317514,"op":"l","o":{"id":"MOCK-ASK-ABNB-1-1751354317514","side":"sell","price":160.16,"size":4.8763063095979815,"type":"limit"}},{"opId":92,"ts":1751354317520,"op":"l","o":{"id":"MOCK-ASK-ABNB-2-1751354317520","side":"sell","price":160.32,"size":1.594133319824429,"type":"limit"}},{"opId":93,"ts":1751354317524,"op":"l","o":{"id":"MOCK-ASK-ABNB-3-1751354317524","side":"sell","price":160.48,"size":1.9862800867680863,"type":"limit"}},{"opId":94,"ts":1751354317526,"op":"l","o":{"id":"MOCK-ASK-ABNB-4-1751354317526","side":"sell","price":160.64,"size":2.0703228959156927,"type":"limit"}},{"opId":95,"ts":1751354317529,"op":"l","o":{"id":"MOCK-ASK-ABNB-5-1751354317529","side":"sell","price":160.8,"size":1.106125341971732,"type":"limit"}},{"opId":96,"ts":1751354317535,"op":"l","o":{"id":"MOCK-ASK-ABNB-6-1751354317534","side":"sell","price":160.96,"size":4.4524971830919515,"type":"limit"}},{"opId":97,"ts":1751354317538,"op":"l","o":{"id":"MOCK-ASK-ABNB-7-1751354317537","side":"sell","price":161.12,"size":4.077568050021384,"type":"limit"}},{"opId":98,"ts":1751354317542,"op":"l","o":{"id":"MOCK-ASK-ABNB-8-1751354317541","side":"sell","price":161.28,"size":1.3260076697191125,"type":"limit"}},{"opId":99,"ts":1751354317545,"op":"l","o":{"id":"MOCK-ASK-ABNB-9-1751354317545","side":"sell","price":161.44,"size":2.086596325491986,"type":"limit"}},{"opId":100,"ts":1751354317549,"op":"l","o":{"id":"MOCK-ASK-ABNB-10-1751354317549","side":"sell","price":161.6,"size":4.354436201014279,"type":"limit"}},{"opId":101,"ts":1751362209167,"op":"l","o":{"id":"MOCK-BID-ABNB-1-1751362209167","side":"buy","price":159.84,"size":2.070783908114376,"type":"limit"}},{"opId":102,"ts":1751362209172,"op":"l","o":{"id":"MOCK-BID-ABNB-2-1751362209172","side":"buy","price":159.68,"size":1.8139522516217166,"type":"limit"}},{"opId":103,"ts":1751362209175,"op":"l","o":{"id":"MOCK-BID-ABNB-3-1751362209175","side":"buy","price":159.52,"size":0.6228937647540654,"type":"limit"}},{"opId":104,"ts":1751362209184,"op":"l","o":{"id":"MOCK-BID-ABNB-4-1751362209184","side":"buy","price":159.36,"size":0.4190823582082558,"type":"limit"}},{"opId":105,"ts":1751362209194,"op":"l","o":{"id":"MOCK-BID-ABNB-5-1751362209194","side":"buy","price":159.2,"size":1.436785142506657,"type":"limit"}},{"opId":106,"ts":1751362209200,"op":"l","o":{"id":"MOCK-BID-ABNB-6-1751362209200","side":"buy","price":159.04,"size":3.9051543174244183,"type":"limit"}},{"opId":107,"ts":1751362209203,"op":"l","o":{"id":"MOCK-BID-ABNB-7-1751362209203","side":"buy","price":158.88,"size":2.0830452724545845,"type":"limit"}},{"opId":108,"ts":1751362209209,"op":"l","o":{"id":"MOCK-BID-ABNB-8-1751362209209","side":"buy","price":158.72,"size":1.5377611474591313,"type":"limit"}},{"opId":109,"ts":1751362209211,"op":"l","o":{"id":"MOCK-BID-ABNB-9-1751362209211","side":"buy","price":158.56,"size":4.449503486054966,"type":"limit"}},{"opId":110,"ts":1751362209213,"op":"l","o":{"id":"MOCK-BID-ABNB-10-1751362209213","side":"buy","price":158.4,"size":1.0884069248050343,"type":"limit"}},{"opId":111,"ts":1751362209216,"op":"l","o":{"id":"MOCK-ASK-ABNB-1-1751362209216","side":"sell","price":160.16,"size":0.7453149326331397,"type":"limit"}},{"opId":112,"ts":1751362209221,"op":"l","o":{"id":"MOCK-ASK-ABNB-2-1751362209220","side":"sell","price":160.32,"size":0.24648501777121293,"type":"limit"}},{"opId":113,"ts":1751362209225,"op":"l","o":{"id":"MOCK-ASK-ABNB-3-1751362209224","side":"sell","price":160.48,"size":3.2303295651701993,"type":"limit"}},{"opId":114,"ts":1751362209227,"op":"l","o":{"id":"MOCK-ASK-ABNB-4-1751362209227","side":"sell","price":160.64,"size":4.728273423752435,"type":"limit"}},{"opId":115,"ts":1751362209228,"op":"l","o":{"id":"MOCK-ASK-ABNB-5-1751362209228","side":"sell","price":160.8,"size":0.18718030706381109,"type":"limit"}},{"opId":116,"ts":1751362209230,"op":"l","o":{"id":"MOCK-ASK-ABNB-6-1751362209230","side":"sell","price":160.96,"size":2.659733641242039,"type":"limit"}},{"opId":117,"ts":1751362209233,"op":"l","o":{"id":"MOCK-ASK-ABNB-7-1751362209233","side":"sell","price":161.12,"size":4.404912606479413,"type":"limit"}},{"opId":118,"ts":1751362209240,"op":"l","o":{"id":"MOCK-ASK-ABNB-8-1751362209240","side":"sell","price":161.28,"size":1.0431587266275733,"type":"limit"}},{"opId":119,"ts":1751362209242,"op":"l","o":{"id":"MOCK-ASK-ABNB-9-1751362209242","side":"sell","price":161.44,"size":4.156595646703456,"type":"limit"}},{"opId":120,"ts":1751362209245,"op":"l","o":{"id":"MOCK-ASK-ABNB-10-1751362209245","side":"sell","price":161.6,"size":1.7903142106048575,"type":"limit"}},{"opId":121,"ts":1751362440003,"op":"l","o":{"id":"MOCK-BID-ABNB-1-1751362440003","side":"buy","price":159.84,"size":4.734131433936286,"type":"limit"}},{"opId":122,"ts":1751362440006,"op":"l","o":{"id":"MOCK-BID-ABNB-2-1751362440005","side":"buy","price":159.68,"size":0.6713765430476714,"type":"limit"}},{"opId":123,"ts":1751362440008,"op":"l","o":{"id":"MOCK-BID-ABNB-3-1751362440008","side":"buy","price":159.52,"size":2.0103619870508616,"type":"limit"}},{"opId":124,"ts":1751362440010,"op":"l","o":{"id":"MOCK-BID-ABNB-4-1751362440010","side":"buy","price":159.36,"size":3.0103683902634404,"type":"limit"}},{"opId":125,"ts":1751362440012,"op":"l","o":{"id":"MOCK-BID-ABNB-5-1751362440012","side":"buy","price":159.2,"size":0.5356037883579744,"type":"limit"}},{"opId":126,"ts":1751362440015,"op":"l","o":{"id":"MOCK-BID-ABNB-6-1751362440015","side":"buy","price":159.04,"size":1.6038477249637395,"type":"limit"}},{"opId":127,"ts":1751362440018,"op":"l","o":{"id":"MOCK-BID-ABNB-7-1751362440018","side":"buy","price":158.88,"size":4.003427490528065,"type":"limit"}},{"opId":128,"ts":1751362440023,"op":"l","o":{"id":"MOCK-BID-ABNB-8-1751362440023","side":"buy","price":158.72,"size":4.243215639101488,"type":"limit"}},{"opId":129,"ts":1751362440026,"op":"l","o":{"id":"MOCK-BID-ABNB-9-1751362440026","side":"buy","price":158.56,"size":0.7806964826044093,"type":"limit"}},{"opId":130,"ts":1751362440028,"op":"l","o":{"id":"MOCK-BID-ABNB-10-1751362440028","side":"buy","price":158.4,"size":3.3832583013974338,"type":"limit"}},{"opId":131,"ts":1751362440030,"op":"l","o":{"id":"MOCK-ASK-ABNB-1-1751362440030","side":"sell","price":160.16,"size":1.4931177872637347,"type":"limit"}},{"opId":132,"ts":1751362440032,"op":"l","o":{"id":"MOCK-ASK-ABNB-2-1751362440032","side":"sell","price":160.32,"size":3.4501960449056193,"type":"limit"}},{"opId":133,"ts":1751362440038,"op":"l","o":{"id":"MOCK-ASK-ABNB-3-1751362440037","side":"sell","price":160.48,"size":0.36994697988039327,"type":"limit"}},{"opId":134,"ts":1751362440043,"op":"l","o":{"id":"MOCK-ASK-ABNB-4-1751362440043","side":"sell","price":160.64,"size":2.2723507564156797,"type":"limit"}},{"opId":135,"ts":1751362440048,"op":"l","o":{"id":"MOCK-ASK-ABNB-5-1751362440048","side":"sell","price":160.8,"size":2.007526858278431,"type":"limit"}},{"opId":136,"ts":1751362440050,"op":"l","o":{"id":"MOCK-ASK-ABNB-6-1751362440050","side":"sell","price":160.96,"size":4.427297702238843,"type":"limit"}},{"opId":137,"ts":1751362440052,"op":"l","o":{"id":"MOCK-ASK-ABNB-7-1751362440052","side":"sell","price":161.12,"size":3.0505171271368337,"type":"limit"}},{"opId":138,"ts":1751362440059,"op":"l","o":{"id":"MOCK-ASK-ABNB-8-1751362440059","side":"sell","price":161.28,"size":2.7298358589030847,"type":"limit"}},{"opId":139,"ts":1751362440062,"op":"l","o":{"id":"MOCK-ASK-ABNB-9-1751362440062","side":"sell","price":161.44,"size":2.977190418031912,"type":"limit"}},{"opId":140,"ts":1751362440063,"op":"l","o":{"id":"MOCK-ASK-ABNB-10-1751362440063","side":"sell","price":161.6,"size":3.9646625359688135,"type":"limit"}},{"opId":141,"ts":1751362636187,"op":"l","o":{"id":"MOCK-BID-ABNB-1-1751362636187","side":"buy","price":159.84,"size":3.5633265777021026,"type":"limit"}},{"opId":142,"ts":1751362636188,"op":"l","o":{"id":"MOCK-BID-ABNB-2-1751362636188","side":"buy","price":159.68,"size":4.137488589907765,"type":"limit"}},{"opId":143,"ts":1751362636190,"op":"l","o":{"id":"MOCK-BID-ABNB-3-1751362636190","side":"buy","price":159.52,"size":3.228596469229743,"type":"limit"}},{"opId":144,"ts":1751362636191,"op":"l","o":{"id":"MOCK-BID-ABNB-4-1751362636191","side":"buy","price":159.36,"size":2.051815517331048,"type":"limit"}},{"opId":145,"ts":1751362636193,"op":"l","o":{"id":"MOCK-BID-ABNB-5-1751362636193","side":"buy","price":159.2,"size":3.6259833728770463,"type":"limit"}},{"opId":146,"ts":1751362636196,"op":"l","o":{"id":"MOCK-BID-ABNB-6-1751362636196","side":"buy","price":159.04,"size":2.454365400700338,"type":"limit"}},{"opId":147,"ts":1751362636197,"op":"l","o":{"id":"MOCK-BID-ABNB-7-1751362636197","side":"buy","price":158.88,"size":1.5225211852478249,"type":"limit"}},{"opId":148,"ts":1751362636198,"op":"l","o":{"id":"MOCK-BID-ABNB-8-1751362636198","side":"buy","price":158.72,"size":2.357028379983016,"type":"limit"}},{"opId":149,"ts":1751362636199,"op":"l","o":{"id":"MOCK-BID-ABNB-9-1751362636199","side":"buy","price":158.56,"size":4.242725428696887,"type":"limit"}},{"opId":150,"ts":1751362636200,"op":"l","o":{"id":"MOCK-BID-ABNB-10-1751362636200","side":"buy","price":158.4,"size":3.909013004811007,"type":"limit"}},{"opId":151,"ts":1751362636202,"op":"l","o":{"id":"MOCK-ASK-ABNB-1-1751362636202","side":"sell","price":160.16,"size":2.199991730901263,"type":"limit"}},{"opId":152,"ts":1751362636204,"op":"l","o":{"id":"MOCK-ASK-ABNB-2-1751362636204","side":"sell","price":160.32,"size":4.816442436869771,"type":"limit"}},{"opId":153,"ts":1751362636207,"op":"l","o":{"id":"MOCK-ASK-ABNB-3-1751362636207","side":"sell","price":160.48,"size":3.9230510644227325,"type":"limit"}},{"opId":154,"ts":1751362636212,"op":"l","o":{"id":"MOCK-ASK-ABNB-4-1751362636212","side":"sell","price":160.64,"size":2.9433320748639114,"type":"limit"}},{"opId":155,"ts":1751362636214,"op":"l","o":{"id":"MOCK-ASK-ABNB-5-1751362636214","side":"sell","price":160.8,"size":2.909387366273607,"type":"limit"}},{"opId":156,"ts":1751362636218,"op":"l","o":{"id":"MOCK-ASK-ABNB-6-1751362636218","side":"sell","price":160.96,"size":2.764786330831277,"type":"limit"}},{"opId":157,"ts":1751362636220,"op":"l","o":{"id":"MOCK-ASK-ABNB-7-1751362636220","side":"sell","price":161.12,"size":3.325298116489457,"type":"limit"}},{"opId":158,"ts":1751362636221,"op":"l","o":{"id":"MOCK-ASK-ABNB-8-1751362636221","side":"sell","price":161.28,"size":0.6653622396238034,"type":"limit"}},{"opId":159,"ts":1751362636222,"op":"l","o":{"id":"MOCK-ASK-ABNB-9-1751362636222","side":"sell","price":161.44,"size":2.1981245179077145,"type":"limit"}},{"opId":160,"ts":1751362636223,"op":"l","o":{"id":"MOCK-ASK-ABNB-10-1751362636223","side":"sell","price":161.6,"size":3.807684749494966,"type":"limit"}}]