[{"opId":1,"ts":1751256025931,"op":"l","o":{"id":"MOCK-BID-ADA-USDC-1-1751256025931","side":"buy","price":1.1987999999999999,"size":0.2778439485841243,"type":"limit"}},{"opId":2,"ts":1751256025932,"op":"l","o":{"id":"MOCK-BID-ADA-USDC-2-1751256025932","side":"buy","price":1.1976,"size":3.521724976890408,"type":"limit"}},{"opId":3,"ts":1751256025933,"op":"l","o":{"id":"MOCK-BID-ADA-USDC-3-1751256025933","side":"buy","price":1.1964,"size":3.9363560341669057,"type":"limit"}},{"opId":4,"ts":1751256025934,"op":"l","o":{"id":"MOCK-BID-ADA-USDC-4-1751256025934","side":"buy","price":1.1952,"size":2.6131201277063743,"type":"limit"}},{"opId":5,"ts":1751256025935,"op":"l","o":{"id":"MOCK-BID-ADA-USDC-5-1751256025935","side":"buy","price":1.194,"size":4.531783347758443,"type":"limit"}},{"opId":6,"ts":1751256025936,"op":"l","o":{"id":"MOCK-BID-ADA-USDC-6-1751256025936","side":"buy","price":1.1927999999999999,"size":0.13772818407928647,"type":"limit"}},{"opId":7,"ts":1751256025938,"op":"l","o":{"id":"MOCK-BID-ADA-USDC-7-1751256025937","side":"buy","price":1.1916,"size":2.041497028757376,"type":"limit"}},{"opId":8,"ts":1751256025939,"op":"l","o":{"id":"MOCK-BID-ADA-USDC-8-1751256025939","side":"buy","price":1.1904,"size":0.1717403766380309,"type":"limit"}},{"opId":9,"ts":1751256025940,"op":"l","o":{"id":"MOCK-BID-ADA-USDC-9-1751256025940","side":"buy","price":1.1892,"size":4.5645884734719715,"type":"limit"}},{"opId":10,"ts":1751256025944,"op":"l","o":{"id":"MOCK-BID-ADA-USDC-10-1751256025943","side":"buy","price":1.188,"size":2.1161589980154347,"type":"limit"}},{"opId":11,"ts":1751256025945,"op":"l","o":{"id":"MOCK-ASK-ADA-USDC-1-1751256025945","side":"sell","price":1.2012,"size":1.9247329414686132,"type":"limit"}},{"opId":12,"ts":1751256025946,"op":"l","o":{"id":"MOCK-ASK-ADA-USDC-2-1751256025946","side":"sell","price":1.2024,"size":1.9899752818403638,"type":"limit"}},{"opId":13,"ts":1751256025947,"op":"l","o":{"id":"MOCK-ASK-ADA-USDC-3-1751256025947","side":"sell","price":1.2036,"size":2.4105122425947867,"type":"limit"}},{"opId":14,"ts":1751256025948,"op":"l","o":{"id":"MOCK-ASK-ADA-USDC-4-1751256025948","side":"sell","price":1.2047999999999999,"size":2.5960824317962836,"type":"limit"}},{"opId":15,"ts":1751256025949,"op":"l","o":{"id":"MOCK-ASK-ADA-USDC-5-1751256025949","side":"sell","price":1.206,"size":0.36194335173963743,"type":"limit"}},{"opId":16,"ts":1751256025950,"op":"l","o":{"id":"MOCK-ASK-ADA-USDC-6-1751256025950","side":"sell","price":1.2072,"size":4.910643505587339,"type":"limit"}},{"opId":17,"ts":1751256025951,"op":"l","o":{"id":"MOCK-ASK-ADA-USDC-7-1751256025951","side":"sell","price":1.2084,"size":2.3862747641339954,"type":"limit"}},{"opId":18,"ts":1751256025952,"op":"l","o":{"id":"MOCK-ASK-ADA-USDC-8-1751256025952","side":"sell","price":1.2096,"size":1.527006000457859,"type":"limit"}},{"opId":19,"ts":1751256025953,"op":"l","o":{"id":"MOCK-ASK-ADA-USDC-9-1751256025953","side":"sell","price":1.2107999999999999,"size":4.278483434794104,"type":"limit"}},{"opId":20,"ts":1751256025954,"op":"l","o":{"id":"MOCK-ASK-ADA-USDC-10-1751256025954","side":"sell","price":1.212,"size":0.6182871371766506,"type":"limit"}},{"opId":21,"ts":1751256054071,"op":"l","o":{"id":"MOCK-BID-ADA-USDC-1-1751256054071","side":"buy","price":1.1987999999999999,"size":3.233589407606748,"type":"limit"}},{"opId":22,"ts":1751256054072,"op":"l","o":{"id":"MOCK-BID-ADA-USDC-2-1751256054072","side":"buy","price":1.1976,"size":1.0773278222472327,"type":"limit"}},{"opId":23,"ts":1751256054074,"op":"l","o":{"id":"MOCK-BID-ADA-USDC-3-1751256054074","side":"buy","price":1.1964,"size":5.0055614539335345,"type":"limit"}},{"opId":24,"ts":1751256054076,"op":"l","o":{"id":"MOCK-BID-ADA-USDC-4-1751256054076","side":"buy","price":1.1952,"size":4.9361511499039255,"type":"limit"}},{"opId":25,"ts":1751256054082,"op":"l","o":{"id":"MOCK-BID-ADA-USDC-5-1751256054082","side":"buy","price":1.194,"size":2.5940052326485383,"type":"limit"}},{"opId":26,"ts":1751256054084,"op":"l","o":{"id":"MOCK-BID-ADA-USDC-6-1751256054084","side":"buy","price":1.1927999999999999,"size":3.2351322882392464,"type":"limit"}},{"opId":27,"ts":1751256054085,"op":"l","o":{"id":"MOCK-BID-ADA-USDC-7-1751256054085","side":"buy","price":1.1916,"size":2.552389380725615,"type":"limit"}},{"opId":28,"ts":1751256054086,"op":"l","o":{"id":"MOCK-BID-ADA-USDC-8-1751256054086","side":"buy","price":1.1904,"size":4.204170834556468,"type":"limit"}},{"opId":29,"ts":1751256054088,"op":"l","o":{"id":"MOCK-BID-ADA-USDC-9-1751256054088","side":"buy","price":1.1892,"size":1.1595247744909931,"type":"limit"}},{"opId":30,"ts":1751256054090,"op":"l","o":{"id":"MOCK-BID-ADA-USDC-10-1751256054090","side":"buy","price":1.188,"size":3.853095353510765,"type":"limit"}},{"opId":31,"ts":1751256054091,"op":"l","o":{"id":"MOCK-ASK-ADA-USDC-1-1751256054091","side":"sell","price":1.2012,"size":3.000471320813285,"type":"limit"}},{"opId":32,"ts":1751256054095,"op":"l","o":{"id":"MOCK-ASK-ADA-USDC-2-1751256054095","side":"sell","price":1.2024,"size":3.241508075513324,"type":"limit"}},{"opId":33,"ts":1751256054099,"op":"l","o":{"id":"MOCK-ASK-ADA-USDC-3-1751256054099","side":"sell","price":1.2036,"size":3.794754562917816,"type":"limit"}},{"opId":34,"ts":1751256054101,"op":"l","o":{"id":"MOCK-ASK-ADA-USDC-4-1751256054101","side":"sell","price":1.2047999999999999,"size":1.345843251765223,"type":"limit"}},{"opId":35,"ts":1751256054103,"op":"l","o":{"id":"MOCK-ASK-ADA-USDC-5-1751256054103","side":"sell","price":1.206,"size":4.889486806502223,"type":"limit"}},{"opId":36,"ts":1751256054105,"op":"l","o":{"id":"MOCK-ASK-ADA-USDC-6-1751256054105","side":"sell","price":1.2072,"size":2.743686117757562,"type":"limit"}},{"opId":37,"ts":1751256054106,"op":"l","o":{"id":"MOCK-ASK-ADA-USDC-7-1751256054106","side":"sell","price":1.2084,"size":3.469851035339723,"type":"limit"}},{"opId":38,"ts":1751256054107,"op":"l","o":{"id":"MOCK-ASK-ADA-USDC-8-1751256054107","side":"sell","price":1.2096,"size":4.484999152544233,"type":"limit"}},{"opId":39,"ts":1751256054110,"op":"l","o":{"id":"MOCK-ASK-ADA-USDC-9-1751256054109","side":"sell","price":1.2107999999999999,"size":3.3674324029405622,"type":"limit"}},{"opId":40,"ts":1751256054117,"op":"l","o":{"id":"MOCK-ASK-ADA-USDC-10-1751256054117","side":"sell","price":1.212,"size":1.4981395968266076,"type":"limit"}},{"opId":41,"ts":1751256543347,"op":"l","o":{"id":"MOCK-BID-ADA-USDC-1-1751256543347","side":"buy","price":1.1987999999999999,"size":2.915397279267553,"type":"limit"}},{"opId":42,"ts":1751256543350,"op":"l","o":{"id":"MOCK-BID-ADA-USDC-2-1751256543350","side":"buy","price":1.1976,"size":4.68005589513121,"type":"limit"}},{"opId":43,"ts":1751256543352,"op":"l","o":{"id":"MOCK-BID-ADA-USDC-3-1751256543352","side":"buy","price":1.1964,"size":0.9532520056706782,"type":"limit"}},{"opId":44,"ts":1751256543354,"op":"l","o":{"id":"MOCK-BID-ADA-USDC-4-1751256543354","side":"buy","price":1.1952,"size":1.1913508902094816,"type":"limit"}},{"opId":45,"ts":1751256543355,"op":"l","o":{"id":"MOCK-BID-ADA-USDC-5-1751256543355","side":"buy","price":1.194,"size":0.46278608920957354,"type":"limit"}},{"opId":46,"ts":1751256543357,"op":"l","o":{"id":"MOCK-BID-ADA-USDC-6-1751256543357","side":"buy","price":1.1927999999999999,"size":0.3285731927301193,"type":"limit"}},{"opId":47,"ts":1751256543359,"op":"l","o":{"id":"MOCK-BID-ADA-USDC-7-1751256543359","side":"buy","price":1.1916,"size":1.776690757670808,"type":"limit"}},{"opId":48,"ts":1751256543362,"op":"l","o":{"id":"MOCK-BID-ADA-USDC-8-1751256543362","side":"buy","price":1.1904,"size":0.6941505730222252,"type":"limit"}},{"opId":49,"ts":1751256543364,"op":"l","o":{"id":"MOCK-BID-ADA-USDC-9-1751256543364","side":"buy","price":1.1892,"size":3.4105015074794154,"type":"limit"}},{"opId":50,"ts":1751256543369,"op":"l","o":{"id":"MOCK-BID-ADA-USDC-10-1751256543369","side":"buy","price":1.188,"size":3.7639088683573454,"type":"limit"}},{"opId":51,"ts":1751256543373,"op":"l","o":{"id":"MOCK-ASK-ADA-USDC-1-1751256543373","side":"sell","price":1.2012,"size":2.9108582576034183,"type":"limit"}},{"opId":52,"ts":1751256543375,"op":"l","o":{"id":"MOCK-ASK-ADA-USDC-2-1751256543375","side":"sell","price":1.2024,"size":2.4602845069154777,"type":"limit"}},{"opId":53,"ts":1751256543377,"op":"l","o":{"id":"MOCK-ASK-ADA-USDC-3-1751256543377","side":"sell","price":1.2036,"size":4.585257311240005,"type":"limit"}},{"opId":54,"ts":1751256543379,"op":"l","o":{"id":"MOCK-ASK-ADA-USDC-4-1751256543379","side":"sell","price":1.2047999999999999,"size":2.8663356458580105,"type":"limit"}},{"opId":55,"ts":1751256543382,"op":"l","o":{"id":"MOCK-ASK-ADA-USDC-5-1751256543382","side":"sell","price":1.206,"size":1.7756261833978793,"type":"limit"}},{"opId":56,"ts":1751256543385,"op":"l","o":{"id":"MOCK-ASK-ADA-USDC-6-1751256543384","side":"sell","price":1.2072,"size":4.757631642337493,"type":"limit"}},{"opId":57,"ts":1751256543387,"op":"l","o":{"id":"MOCK-ASK-ADA-USDC-7-1751256543387","side":"sell","price":1.2084,"size":4.602298452922462,"type":"limit"}},{"opId":58,"ts":1751256543389,"op":"l","o":{"id":"MOCK-ASK-ADA-USDC-8-1751256543389","side":"sell","price":1.2096,"size":3.735247170204037,"type":"limit"}},{"opId":59,"ts":1751256543391,"op":"l","o":{"id":"MOCK-ASK-ADA-USDC-9-1751256543391","side":"sell","price":1.2107999999999999,"size":4.32972888704545,"type":"limit"}},{"opId":60,"ts":1751256543394,"op":"l","o":{"id":"MOCK-ASK-ADA-USDC-10-1751256543394","side":"sell","price":1.212,"size":1.3867189278901249,"type":"limit"}},{"opId":61,"ts":1751256930628,"op":"l","o":{"id":"MOCK-BID-ADA-USDC-1-1751256930628","side":"buy","price":1.1987999999999999,"size":2.383194761629106,"type":"limit"}},{"opId":62,"ts":1751256930630,"op":"l","o":{"id":"MOCK-BID-ADA-USDC-2-1751256930630","side":"buy","price":1.1976,"size":0.4859802956043545,"type":"limit"}},{"opId":63,"ts":1751256930632,"op":"l","o":{"id":"MOCK-BID-ADA-USDC-3-1751256930632","side":"buy","price":1.1964,"size":4.582221906873967,"type":"limit"}},{"opId":64,"ts":1751256930634,"op":"l","o":{"id":"MOCK-BID-ADA-USDC-4-1751256930634","side":"buy","price":1.1952,"size":0.807453383427008,"type":"limit"}},{"opId":65,"ts":1751256930636,"op":"l","o":{"id":"MOCK-BID-ADA-USDC-5-1751256930636","side":"buy","price":1.194,"size":3.5820624884530425,"type":"limit"}},{"opId":66,"ts":1751256930638,"op":"l","o":{"id":"MOCK-BID-ADA-USDC-6-1751256930638","side":"buy","price":1.1927999999999999,"size":3.8969692519188306,"type":"limit"}},{"opId":67,"ts":1751256930641,"op":"l","o":{"id":"MOCK-BID-ADA-USDC-7-1751256930641","side":"buy","price":1.1916,"size":1.556263797881764,"type":"limit"}},{"opId":68,"ts":1751256930643,"op":"l","o":{"id":"MOCK-BID-ADA-USDC-8-1751256930643","side":"buy","price":1.1904,"size":2.538922497013796,"type":"limit"}},{"opId":69,"ts":1751256930645,"op":"l","o":{"id":"MOCK-BID-ADA-USDC-9-1751256930645","side":"buy","price":1.1892,"size":3.0500386895449503,"type":"limit"}},{"opId":70,"ts":1751256930647,"op":"l","o":{"id":"MOCK-BID-ADA-USDC-10-1751256930647","side":"buy","price":1.188,"size":1.5071057081905326,"type":"limit"}},{"opId":71,"ts":1751256930649,"op":"l","o":{"id":"MOCK-ASK-ADA-USDC-1-1751256930649","side":"sell","price":1.2012,"size":2.497515563655505,"type":"limit"}},{"opId":72,"ts":1751256930652,"op":"l","o":{"id":"MOCK-ASK-ADA-USDC-2-1751256930652","side":"sell","price":1.2024,"size":2.184240523373344,"type":"limit"}},{"opId":73,"ts":1751256930654,"op":"l","o":{"id":"MOCK-ASK-ADA-USDC-3-1751256930654","side":"sell","price":1.2036,"size":3.8944655543913256,"type":"limit"}},{"opId":74,"ts":1751256930656,"op":"l","o":{"id":"MOCK-ASK-ADA-USDC-4-1751256930656","side":"sell","price":1.2047999999999999,"size":1.3846332257866256,"type":"limit"}},{"opId":75,"ts":1751256930659,"op":"l","o":{"id":"MOCK-ASK-ADA-USDC-5-1751256930659","side":"sell","price":1.206,"size":4.091044945615173,"type":"limit"}},{"opId":76,"ts":1751256930662,"op":"l","o":{"id":"MOCK-ASK-ADA-USDC-6-1751256930662","side":"sell","price":1.2072,"size":3.611632826061649,"type":"limit"}},{"opId":77,"ts":1751256930665,"op":"l","o":{"id":"MOCK-ASK-ADA-USDC-7-1751256930665","side":"sell","price":1.2084,"size":2.362778310744661,"type":"limit"}},{"opId":78,"ts":1751256930667,"op":"l","o":{"id":"MOCK-ASK-ADA-USDC-8-1751256930667","side":"sell","price":1.2096,"size":3.1950399450939435,"type":"limit"}},{"opId":79,"ts":1751256930669,"op":"l","o":{"id":"MOCK-ASK-ADA-USDC-9-1751256930669","side":"sell","price":1.2107999999999999,"size":2.0748905503434334,"type":"limit"}},{"opId":80,"ts":1751256930671,"op":"l","o":{"id":"MOCK-ASK-ADA-USDC-10-1751256930671","side":"sell","price":1.212,"size":2.9906347961524706,"type":"limit"}},{"opId":81,"ts":1751350791850,"op":"l","o":{"id":"MOCK-BID-ADA-USDC-1-1751350791850","side":"buy","price":1.1987999999999999,"size":2.5933269356742006,"type":"limit"}},{"opId":82,"ts":1751350791852,"op":"l","o":{"id":"MOCK-BID-ADA-USDC-2-1751350791852","side":"buy","price":1.1976,"size":0.10650315429926885,"type":"limit"}},{"opId":83,"ts":1751350791853,"op":"l","o":{"id":"MOCK-BID-ADA-USDC-3-1751350791853","side":"buy","price":1.1964,"size":3.46167802077072,"type":"limit"}},{"opId":84,"ts":1751350791855,"op":"l","o":{"id":"MOCK-BID-ADA-USDC-4-1751350791855","side":"buy","price":1.1952,"size":3.6802931222575084,"type":"limit"}},{"opId":85,"ts":1751350791858,"op":"l","o":{"id":"MOCK-BID-ADA-USDC-5-1751350791857","side":"buy","price":1.194,"size":5.055975354962797,"type":"limit"}},{"opId":86,"ts":1751350791862,"op":"l","o":{"id":"MOCK-BID-ADA-USDC-6-1751350791862","side":"buy","price":1.1927999999999999,"size":2.978450661820687,"type":"limit"}},{"opId":87,"ts":1751350791865,"op":"l","o":{"id":"MOCK-BID-ADA-USDC-7-1751350791865","side":"buy","price":1.1916,"size":4.673937964025071,"type":"limit"}},{"opId":88,"ts":1751350791867,"op":"l","o":{"id":"MOCK-BID-ADA-USDC-8-1751350791867","side":"buy","price":1.1904,"size":1.817177738070762,"type":"limit"}},{"opId":89,"ts":1751350791869,"op":"l","o":{"id":"MOCK-BID-ADA-USDC-9-1751350791869","side":"buy","price":1.1892,"size":2.1981126061166587,"type":"limit"}},{"opId":90,"ts":1751350791870,"op":"l","o":{"id":"MOCK-BID-ADA-USDC-10-1751350791870","side":"buy","price":1.188,"size":4.502815024182304,"type":"limit"}},{"opId":91,"ts":1751350791872,"op":"l","o":{"id":"MOCK-ASK-ADA-USDC-1-1751350791872","side":"sell","price":1.2012,"size":4.95095765993548,"type":"limit"}},{"opId":92,"ts":1751350791875,"op":"l","o":{"id":"MOCK-ASK-ADA-USDC-2-1751350791874","side":"sell","price":1.2024,"size":2.7356939220610355,"type":"limit"}},{"opId":93,"ts":1751350791878,"op":"l","o":{"id":"MOCK-ASK-ADA-USDC-3-1751350791878","side":"sell","price":1.2036,"size":0.7380721135747103,"type":"limit"}},{"opId":94,"ts":1751350791882,"op":"l","o":{"id":"MOCK-ASK-ADA-USDC-4-1751350791882","side":"sell","price":1.2047999999999999,"size":0.5777817385907867,"type":"limit"}},{"opId":95,"ts":1751350791886,"op":"l","o":{"id":"MOCK-ASK-ADA-USDC-5-1751350791886","side":"sell","price":1.206,"size":0.2082588670381246,"type":"limit"}},{"opId":96,"ts":1751350791887,"op":"l","o":{"id":"MOCK-ASK-ADA-USDC-6-1751350791887","side":"sell","price":1.2072,"size":1.8426158598780518,"type":"limit"}},{"opId":97,"ts":1751350791888,"op":"l","o":{"id":"MOCK-ASK-ADA-USDC-7-1751350791888","side":"sell","price":1.2084,"size":4.284925283685801,"type":"limit"}},{"opId":98,"ts":1751350791889,"op":"l","o":{"id":"MOCK-ASK-ADA-USDC-8-1751350791889","side":"sell","price":1.2096,"size":2.06548695645304,"type":"limit"}},{"opId":99,"ts":1751350791890,"op":"l","o":{"id":"MOCK-ASK-ADA-USDC-9-1751350791890","side":"sell","price":1.2107999999999999,"size":1.0346977557082626,"type":"limit"}},{"opId":100,"ts":1751350791892,"op":"l","o":{"id":"MOCK-ASK-ADA-USDC-10-1751350791891","side":"sell","price":1.212,"size":1.5994675101180134,"type":"limit"}},{"opId":101,"ts":1751351925592,"op":"l","o":{"id":"MOCK-BID-ADA-USDC-1-1751351925592","side":"buy","price":1.1987999999999999,"size":0.4415443378472049,"type":"limit"}},{"opId":102,"ts":1751351925594,"op":"l","o":{"id":"MOCK-BID-ADA-USDC-2-1751351925593","side":"buy","price":1.1976,"size":4.238732053829361,"type":"limit"}},{"opId":103,"ts":1751351925595,"op":"l","o":{"id":"MOCK-BID-ADA-USDC-3-1751351925595","side":"buy","price":1.1964,"size":4.993700014993881,"type":"limit"}},{"opId":104,"ts":1751351925596,"op":"l","o":{"id":"MOCK-BID-ADA-USDC-4-1751351925596","side":"buy","price":1.1952,"size":3.847105353282887,"type":"limit"}},{"opId":105,"ts":1751351925597,"op":"l","o":{"id":"MOCK-BID-ADA-USDC-5-1751351925597","side":"buy","price":1.194,"size":2.4848642392703435,"type":"limit"}},{"opId":106,"ts":1751351925599,"op":"l","o":{"id":"MOCK-BID-ADA-USDC-6-1751351925599","side":"buy","price":1.1927999999999999,"size":4.531847425090249,"type":"limit"}},{"opId":107,"ts":1751351925600,"op":"l","o":{"id":"MOCK-BID-ADA-USDC-7-1751351925600","side":"buy","price":1.1916,"size":2.3598564142376044,"type":"limit"}},{"opId":108,"ts":1751351925602,"op":"l","o":{"id":"MOCK-BID-ADA-USDC-8-1751351925602","side":"buy","price":1.1904,"size":1.6237962439415954,"type":"limit"}},{"opId":109,"ts":1751351925606,"op":"l","o":{"id":"MOCK-BID-ADA-USDC-9-1751351925606","side":"buy","price":1.1892,"size":3.6438069905074233,"type":"limit"}},{"opId":110,"ts":1751351925607,"op":"l","o":{"id":"MOCK-BID-ADA-USDC-10-1751351925607","side":"buy","price":1.188,"size":4.206628394727472,"type":"limit"}},{"opId":111,"ts":1751351925608,"op":"l","o":{"id":"MOCK-ASK-ADA-USDC-1-1751351925608","side":"sell","price":1.2012,"size":3.962640641085081,"type":"limit"}},{"opId":112,"ts":1751351925609,"op":"l","o":{"id":"MOCK-ASK-ADA-USDC-2-1751351925609","side":"sell","price":1.2024,"size":4.150895480631286,"type":"limit"}},{"opId":113,"ts":1751351925610,"op":"l","o":{"id":"MOCK-ASK-ADA-USDC-3-1751351925610","side":"sell","price":1.2036,"size":0.7996441852416435,"type":"limit"}},{"opId":114,"ts":1751351925611,"op":"l","o":{"id":"MOCK-ASK-ADA-USDC-4-1751351925611","side":"sell","price":1.2047999999999999,"size":1.913229137075354,"type":"limit"}},{"opId":115,"ts":1751351925612,"op":"l","o":{"id":"MOCK-ASK-ADA-USDC-5-1751351925612","side":"sell","price":1.206,"size":4.835558362316884,"type":"limit"}},{"opId":116,"ts":1751351925614,"op":"l","o":{"id":"MOCK-ASK-ADA-USDC-6-1751351925614","side":"sell","price":1.2072,"size":4.705281514611675,"type":"limit"}},{"opId":117,"ts":1751351925616,"op":"l","o":{"id":"MOCK-ASK-ADA-USDC-7-1751351925616","side":"sell","price":1.2084,"size":3.073116341804827,"type":"limit"}},{"opId":118,"ts":1751351925618,"op":"l","o":{"id":"MOCK-ASK-ADA-USDC-8-1751351925618","side":"sell","price":1.2096,"size":4.213431948724477,"type":"limit"}},{"opId":119,"ts":1751351925622,"op":"l","o":{"id":"MOCK-ASK-ADA-USDC-9-1751351925622","side":"sell","price":1.2107999999999999,"size":4.364104703770073,"type":"limit"}},{"opId":120,"ts":1751351925623,"op":"l","o":{"id":"MOCK-ASK-ADA-USDC-10-1751351925623","side":"sell","price":1.212,"size":0.7391383158983776,"type":"limit"}},{"opId":121,"ts":1751352295546,"op":"l","o":{"id":"MOCK-BID-ADA-USDC-1-1751352295546","side":"buy","price":1.1987999999999999,"size":5.0067658409684865,"type":"limit"}},{"opId":122,"ts":1751352295549,"op":"l","o":{"id":"MOCK-BID-ADA-USDC-2-1751352295549","side":"buy","price":1.1976,"size":4.240246077434418,"type":"limit"}},{"opId":123,"ts":1751352295552,"op":"l","o":{"id":"MOCK-BID-ADA-USDC-3-1751352295552","side":"buy","price":1.1964,"size":4.265502780860819,"type":"limit"}},{"opId":124,"ts":1751352295553,"op":"l","o":{"id":"MOCK-BID-ADA-USDC-4-1751352295553","side":"buy","price":1.1952,"size":0.9760769162467696,"type":"limit"}},{"opId":125,"ts":1751352295555,"op":"l","o":{"id":"MOCK-BID-ADA-USDC-5-1751352295555","side":"buy","price":1.194,"size":0.16082831534330758,"type":"limit"}},{"opId":126,"ts":1751352295560,"op":"l","o":{"id":"MOCK-BID-ADA-USDC-6-1751352295559","side":"buy","price":1.1927999999999999,"size":3.3022628472171047,"type":"limit"}},{"opId":127,"ts":1751352295566,"op":"l","o":{"id":"MOCK-BID-ADA-USDC-7-1751352295566","side":"buy","price":1.1916,"size":0.1578389366246035,"type":"limit"}},{"opId":128,"ts":1751352295571,"op":"l","o":{"id":"MOCK-BID-ADA-USDC-8-1751352295571","side":"buy","price":1.1904,"size":3.2151755119004544,"type":"limit"}},{"opId":129,"ts":1751352295573,"op":"l","o":{"id":"MOCK-BID-ADA-USDC-9-1751352295573","side":"buy","price":1.1892,"size":0.25631114490712636,"type":"limit"}},{"opId":130,"ts":1751352295575,"op":"l","o":{"id":"MOCK-BID-ADA-USDC-10-1751352295575","side":"buy","price":1.188,"size":1.9539045974172364,"type":"limit"}},{"opId":131,"ts":1751352295577,"op":"l","o":{"id":"MOCK-ASK-ADA-USDC-1-1751352295577","side":"sell","price":1.2012,"size":4.156482672119475,"type":"limit"}},{"opId":132,"ts":1751352295579,"op":"l","o":{"id":"MOCK-ASK-ADA-USDC-2-1751352295579","side":"sell","price":1.2024,"size":3.73859365477596,"type":"limit"}},{"opId":133,"ts":1751352295580,"op":"l","o":{"id":"MOCK-ASK-ADA-USDC-3-1751352295580","side":"sell","price":1.2036,"size":2.104556700930975,"type":"limit"}},{"opId":134,"ts":1751352295583,"op":"l","o":{"id":"MOCK-ASK-ADA-USDC-4-1751352295582","side":"sell","price":1.2047999999999999,"size":2.988786380776143,"type":"limit"}},{"opId":135,"ts":1751352295586,"op":"l","o":{"id":"MOCK-ASK-ADA-USDC-5-1751352295586","side":"sell","price":1.206,"size":4.389978851740001,"type":"limit"}},{"opId":136,"ts":1751352295588,"op":"l","o":{"id":"MOCK-ASK-ADA-USDC-6-1751352295588","side":"sell","price":1.2072,"size":0.5020186440087203,"type":"limit"}},{"opId":137,"ts":1751352295593,"op":"l","o":{"id":"MOCK-ASK-ADA-USDC-7-1751352295592","side":"sell","price":1.2084,"size":1.2899333909615207,"type":"limit"}},{"opId":138,"ts":1751352295596,"op":"l","o":{"id":"MOCK-ASK-ADA-USDC-8-1751352295596","side":"sell","price":1.2096,"size":1.4274320484115421,"type":"limit"}},{"opId":139,"ts":1751352295597,"op":"l","o":{"id":"MOCK-ASK-ADA-USDC-9-1751352295597","side":"sell","price":1.2107999999999999,"size":3.768525081142886,"type":"limit"}},{"opId":140,"ts":1751352295599,"op":"l","o":{"id":"MOCK-ASK-ADA-USDC-10-1751352295599","side":"sell","price":1.212,"size":1.8543939546311594,"type":"limit"}},{"opId":141,"ts":1751354316913,"op":"l","o":{"id":"MOCK-BID-ADA-USDC-1-1751354316913","side":"buy","price":1.1987999999999999,"size":1.0105965651641913,"type":"limit"}},{"opId":142,"ts":1751354316916,"op":"l","o":{"id":"MOCK-BID-ADA-USDC-2-1751354316916","side":"buy","price":1.1976,"size":3.8764891318975834,"type":"limit"}},{"opId":143,"ts":1751354316919,"op":"l","o":{"id":"MOCK-BID-ADA-USDC-3-1751354316919","side":"buy","price":1.1964,"size":3.0904147770132617,"type":"limit"}},{"opId":144,"ts":1751354316922,"op":"l","o":{"id":"MOCK-BID-ADA-USDC-4-1751354316922","side":"buy","price":1.1952,"size":1.0279951261442943,"type":"limit"}},{"opId":145,"ts":1751354316925,"op":"l","o":{"id":"MOCK-BID-ADA-USDC-5-1751354316925","side":"buy","price":1.194,"size":0.5400507363522621,"type":"limit"}},{"opId":146,"ts":1751354316929,"op":"l","o":{"id":"MOCK-BID-ADA-USDC-6-1751354316929","side":"buy","price":1.1927999999999999,"size":2.9766642005723667,"type":"limit"}},{"opId":147,"ts":1751354316933,"op":"l","o":{"id":"MOCK-BID-ADA-USDC-7-1751354316932","side":"buy","price":1.1916,"size":0.10211329626068291,"type":"limit"}},{"opId":148,"ts":1751354316936,"op":"l","o":{"id":"MOCK-BID-ADA-USDC-8-1751354316935","side":"buy","price":1.1904,"size":1.3802474640061346,"type":"limit"}},{"opId":149,"ts":1751354316938,"op":"l","o":{"id":"MOCK-BID-ADA-USDC-9-1751354316938","side":"buy","price":1.1892,"size":1.7858763056276994,"type":"limit"}},{"opId":150,"ts":1751354316941,"op":"l","o":{"id":"MOCK-BID-ADA-USDC-10-1751354316941","side":"buy","price":1.188,"size":4.704753246804148,"type":"limit"}},{"opId":151,"ts":1751354316944,"op":"l","o":{"id":"MOCK-ASK-ADA-USDC-1-1751354316944","side":"sell","price":1.2012,"size":4.850937406618892,"type":"limit"}},{"opId":152,"ts":1751354316948,"op":"l","o":{"id":"MOCK-ASK-ADA-USDC-2-1751354316948","side":"sell","price":1.2024,"size":3.5074501472989836,"type":"limit"}},{"opId":153,"ts":1751354316955,"op":"l","o":{"id":"MOCK-ASK-ADA-USDC-3-1751354316955","side":"sell","price":1.2036,"size":4.488391221645733,"type":"limit"}},{"opId":154,"ts":1751354316958,"op":"l","o":{"id":"MOCK-ASK-ADA-USDC-4-1751354316958","side":"sell","price":1.2047999999999999,"size":4.33922991341827,"type":"limit"}},{"opId":155,"ts":1751354316961,"op":"l","o":{"id":"MOCK-ASK-ADA-USDC-5-1751354316961","side":"sell","price":1.206,"size":4.434034259127132,"type":"limit"}},{"opId":156,"ts":1751354316968,"op":"l","o":{"id":"MOCK-ASK-ADA-USDC-6-1751354316967","side":"sell","price":1.2072,"size":3.782117295514893,"type":"limit"}},{"opId":157,"ts":1751354316972,"op":"l","o":{"id":"MOCK-ASK-ADA-USDC-7-1751354316972","side":"sell","price":1.2084,"size":0.976209916874967,"type":"limit"}},{"opId":158,"ts":1751354316975,"op":"l","o":{"id":"MOCK-ASK-ADA-USDC-8-1751354316975","side":"sell","price":1.2096,"size":4.883462520454797,"type":"limit"}},{"opId":159,"ts":1751354316979,"op":"l","o":{"id":"MOCK-ASK-ADA-USDC-9-1751354316978","side":"sell","price":1.2107999999999999,"size":1.4695017205769945,"type":"limit"}},{"opId":160,"ts":1751354316982,"op":"l","o":{"id":"MOCK-ASK-ADA-USDC-10-1751354316982","side":"sell","price":1.212,"size":2.029064877798624,"type":"limit"}}]