[{"opId":1,"ts":1751256025807,"op":"l","o":{"id":"MOCK-BID-BTC-USDC-1-1751256025806","side":"buy","price":99900,"size":3.747460523902686,"type":"limit"}},{"opId":2,"ts":1751256025809,"op":"l","o":{"id":"MOCK-BID-BTC-USDC-2-1751256025809","side":"buy","price":99800,"size":4.875565561375334,"type":"limit"}},{"opId":3,"ts":1751256025810,"op":"l","o":{"id":"MOCK-BID-BTC-USDC-3-1751256025810","side":"buy","price":99700,"size":4.727424857617583,"type":"limit"}},{"opId":4,"ts":1751256025811,"op":"l","o":{"id":"MOCK-BID-BTC-USDC-4-1751256025811","side":"buy","price":99600,"size":3.362809364538014,"type":"limit"}},{"opId":5,"ts":1751256025812,"op":"l","o":{"id":"MOCK-BID-BTC-USDC-5-1751256025812","side":"buy","price":99500,"size":0.4255142906749353,"type":"limit"}},{"opId":6,"ts":1751256025813,"op":"l","o":{"id":"MOCK-BID-BTC-USDC-6-1751256025813","side":"buy","price":99400,"size":5.009545958461283,"type":"limit"}},{"opId":7,"ts":1751256025814,"op":"l","o":{"id":"MOCK-BID-BTC-USDC-7-1751256025814","side":"buy","price":99300,"size":4.494320275257398,"type":"limit"}},{"opId":8,"ts":1751256025815,"op":"l","o":{"id":"MOCK-BID-BTC-USDC-8-1751256025815","side":"buy","price":99200,"size":0.6204725289391154,"type":"limit"}},{"opId":9,"ts":1751256025817,"op":"l","o":{"id":"MOCK-BID-BTC-USDC-9-1751256025817","side":"buy","price":99100,"size":4.870077500460741,"type":"limit"}},{"opId":10,"ts":1751256025818,"op":"l","o":{"id":"MOCK-BID-BTC-USDC-10-1751256025818","side":"buy","price":99000,"size":1.3324719538956253,"type":"limit"}},{"opId":11,"ts":1751256025819,"op":"l","o":{"id":"MOCK-ASK-BTC-USDC-1-1751256025819","side":"sell","price":100100,"size":1.0572076660899077,"type":"limit"}},{"opId":12,"ts":1751256025820,"op":"l","o":{"id":"MOCK-ASK-BTC-USDC-2-1751256025820","side":"sell","price":100200,"size":1.1569740646127857,"type":"limit"}},{"opId":13,"ts":1751256025821,"op":"l","o":{"id":"MOCK-ASK-BTC-USDC-3-1751256025821","side":"sell","price":100300,"size":1.212064272017238,"type":"limit"}},{"opId":14,"ts":1751256025822,"op":"l","o":{"id":"MOCK-ASK-BTC-USDC-4-1751256025822","side":"sell","price":100400,"size":1.3472076369757113,"type":"limit"}},{"opId":15,"ts":1751256025823,"op":"l","o":{"id":"MOCK-ASK-BTC-USDC-5-1751256025823","side":"sell","price":100500,"size":4.6829230117499385,"type":"limit"}},{"opId":16,"ts":1751256025824,"op":"l","o":{"id":"MOCK-ASK-BTC-USDC-6-1751256025824","side":"sell","price":100600,"size":4.732422459111015,"type":"limit"}},{"opId":17,"ts":1751256025825,"op":"l","o":{"id":"MOCK-ASK-BTC-USDC-7-1751256025825","side":"sell","price":100700,"size":2.158103342611891,"type":"limit"}},{"opId":18,"ts":1751256025826,"op":"l","o":{"id":"MOCK-ASK-BTC-USDC-8-1751256025826","side":"sell","price":100800,"size":1.9201278738108052,"type":"limit"}},{"opId":19,"ts":1751256025827,"op":"l","o":{"id":"MOCK-ASK-BTC-USDC-9-1751256025827","side":"sell","price":100900,"size":4.101608473615928,"type":"limit"}},{"opId":20,"ts":1751256025828,"op":"l","o":{"id":"MOCK-ASK-BTC-USDC-10-1751256025828","side":"sell","price":101000,"size":0.12356384158438086,"type":"limit"}},{"opId":21,"ts":1751256030081,"op":"l","o":{"id":"CB-BUY-29900-6b2a68b3-d59e-48e7-a5b5-f1bd21650190","side":"buy","price":29900,"size":0.1,"type":"limit","tag":{"venue":"COINBASE"}}},{"opId":22,"ts":1751256030083,"op":"l","o":{"id":"CB-SELL-30100-a02849ee-874f-4434-a6f5-d797a8503cef","side":"sell","price":30100,"size":0.1,"type":"limit","tag":{"venue":"COINBASE"}}},{"opId":23,"ts":1751256030084,"op":"l","o":{"id":"CB-BUY-29800-eb27d80a-6e37-4fd3-a134-2a66f2b457a8","side":"buy","price":29800,"size":0.2,"type":"limit","tag":{"venue":"COINBASE"}}},{"opId":24,"ts":1751256030085,"op":"l","o":{"id":"CB-SELL-30200-90cfd36b-eff0-4bea-a2e3-a2913f30993a","side":"sell","price":30200,"size":0.2,"type":"limit","tag":{"venue":"COINBASE"}}},{"opId":25,"ts":1751256030086,"op":"l","o":{"id":"CB-BUY-29700-1b7c6b1b-4a4b-44b0-9a6f-09ff38acc233","side":"buy","price":29700,"size":0.30000000000000004,"type":"limit","tag":{"venue":"COINBASE"}}},{"opId":26,"ts":1751256030087,"op":"l","o":{"id":"CB-SELL-30300-6f8d6de5-67f3-40e5-ba44-966a7acea348","side":"sell","price":30300,"size":0.30000000000000004,"type":"limit","tag":{"venue":"COINBASE"}}},{"opId":27,"ts":1751256030088,"op":"l","o":{"id":"CB-BUY-29600-e423432a-8632-4407-95cc-4bea13706508","side":"buy","price":29600,"size":0.4,"type":"limit","tag":{"venue":"COINBASE"}}},{"opId":28,"ts":1751256030090,"op":"l","o":{"id":"CB-SELL-30400-c71dd7df-2a6a-459a-bd59-57f45b13f0bd","side":"sell","price":30400,"size":0.4,"type":"limit","tag":{"venue":"COINBASE"}}},{"opId":29,"ts":1751256030091,"op":"l","o":{"id":"CB-BUY-29500-bfda4c5e-90f9-4377-9f50-6b732fdd66ba","side":"buy","price":29500,"size":0.5,"type":"limit","tag":{"venue":"COINBASE"}}},{"opId":30,"ts":1751256030092,"op":"l","o":{"id":"CB-SELL-30500-1f23cb5c-f8e3-43e2-a8b4-0755805be843","side":"sell","price":30500,"size":0.5,"type":"limit","tag":{"venue":"COINBASE"}}},{"opId":31,"ts":1751256053852,"op":"l","o":{"id":"MOCK-BID-BTC-USDC-1-1751256053852","side":"buy","price":99900,"size":2.655480034124693,"type":"limit"}},{"opId":32,"ts":1751256053856,"op":"l","o":{"id":"MOCK-BID-BTC-USDC-2-1751256053855","side":"buy","price":99800,"size":3.18741963654502,"type":"limit"}},{"opId":33,"ts":1751256053859,"op":"l","o":{"id":"MOCK-BID-BTC-USDC-3-1751256053858","side":"buy","price":99700,"size":3.1427220627985606,"type":"limit"}},{"opId":34,"ts":1751256053864,"op":"l","o":{"id":"MOCK-BID-BTC-USDC-4-1751256053863","side":"buy","price":99600,"size":1.5680065562746726,"type":"limit"}},{"opId":35,"ts":1751256053868,"op":"l","o":{"id":"MOCK-BID-BTC-USDC-5-1751256053868","side":"buy","price":99500,"size":1.5713356544016688,"type":"limit"}},{"opId":36,"ts":1751256053870,"op":"l","o":{"id":"MOCK-BID-BTC-USDC-6-1751256053870","side":"buy","price":99400,"size":1.014588083249578,"type":"limit"}},{"opId":37,"ts":1751256053871,"op":"l","o":{"id":"MOCK-BID-BTC-USDC-7-1751256053871","side":"buy","price":99300,"size":2.110937341140946,"type":"limit"}},{"opId":38,"ts":1751256053875,"op":"l","o":{"id":"MOCK-BID-BTC-USDC-8-1751256053875","side":"buy","price":99200,"size":1.8718691067276083,"type":"limit"}},{"opId":39,"ts":1751256053881,"op":"l","o":{"id":"MOCK-BID-BTC-USDC-9-1751256053881","side":"buy","price":99100,"size":1.6512367783388804,"type":"limit"}},{"opId":40,"ts":1751256053885,"op":"l","o":{"id":"MOCK-BID-BTC-USDC-10-1751256053885","side":"buy","price":99000,"size":4.868541981341697,"type":"limit"}},{"opId":41,"ts":1751256053886,"op":"l","o":{"id":"MOCK-ASK-BTC-USDC-1-1751256053886","side":"sell","price":100100,"size":2.1646469737359433,"type":"limit"}},{"opId":42,"ts":1751256053888,"op":"l","o":{"id":"MOCK-ASK-BTC-USDC-2-1751256053888","side":"sell","price":100200,"size":4.470939290029632,"type":"limit"}},{"opId":43,"ts":1751256053890,"op":"l","o":{"id":"MOCK-ASK-BTC-USDC-3-1751256053890","side":"sell","price":100300,"size":2.5196987170976204,"type":"limit"}},{"opId":44,"ts":1751256053891,"op":"l","o":{"id":"MOCK-ASK-BTC-USDC-4-1751256053891","side":"sell","price":100400,"size":3.9742496875555977,"type":"limit"}},{"opId":45,"ts":1751256053896,"op":"l","o":{"id":"MOCK-ASK-BTC-USDC-5-1751256053896","side":"sell","price":100500,"size":2.1962851283170672,"type":"limit"}},{"opId":46,"ts":1751256053900,"op":"l","o":{"id":"MOCK-ASK-BTC-USDC-6-1751256053900","side":"sell","price":100600,"size":3.1698765445217036,"type":"limit"}},{"opId":47,"ts":1751256053902,"op":"l","o":{"id":"MOCK-ASK-BTC-USDC-7-1751256053902","side":"sell","price":100700,"size":1.7179458161044947,"type":"limit"}},{"opId":48,"ts":1751256053904,"op":"l","o":{"id":"MOCK-ASK-BTC-USDC-8-1751256053904","side":"sell","price":100800,"size":2.3151951458422917,"type":"limit"}},{"opId":49,"ts":1751256053906,"op":"l","o":{"id":"MOCK-ASK-BTC-USDC-9-1751256053906","side":"sell","price":100900,"size":0.10934609160302414,"type":"limit"}},{"opId":50,"ts":1751256053908,"op":"l","o":{"id":"MOCK-ASK-BTC-USDC-10-1751256053908","side":"sell","price":101000,"size":4.629251807730027,"type":"limit"}},{"opId":51,"ts":1751256058292,"op":"l","o":{"id":"CB-BUY-29900-4d475039-831d-4492-a92f-0fbff75b4989","side":"buy","price":29900,"size":0.1,"type":"limit","tag":{"venue":"COINBASE"}}},{"opId":52,"ts":1751256058294,"op":"l","o":{"id":"CB-SELL-30100-e2257423-8e28-4226-bfe8-cae2fa217ddf","side":"sell","price":30100,"size":0.1,"type":"limit","tag":{"venue":"COINBASE"}}},{"opId":53,"ts":1751256058296,"op":"l","o":{"id":"CB-BUY-29800-ca17a01b-c930-4112-8265-544d4e4fe8cc","side":"buy","price":29800,"size":0.2,"type":"limit","tag":{"venue":"COINBASE"}}},{"opId":54,"ts":1751256058298,"op":"l","o":{"id":"CB-SELL-30200-3e45ead4-7a3d-4a41-9791-fb40a2ece170","side":"sell","price":30200,"size":0.2,"type":"limit","tag":{"venue":"COINBASE"}}},{"opId":55,"ts":1751256058299,"op":"l","o":{"id":"CB-BUY-29700-4796605f-722f-46c5-aceb-0bc42059ab9d","side":"buy","price":29700,"size":0.30000000000000004,"type":"limit","tag":{"venue":"COINBASE"}}},{"opId":56,"ts":1751256058300,"op":"l","o":{"id":"CB-SELL-30300-97e7e699-d6db-4cc9-a65d-4515ed9ec430","side":"sell","price":30300,"size":0.30000000000000004,"type":"limit","tag":{"venue":"COINBASE"}}},{"opId":57,"ts":1751256058301,"op":"l","o":{"id":"CB-BUY-29600-bec47a2f-d400-4d3b-8e17-49d23b966ee9","side":"buy","price":29600,"size":0.4,"type":"limit","tag":{"venue":"COINBASE"}}},{"opId":58,"ts":1751256058302,"op":"l","o":{"id":"CB-SELL-30400-66ca85b7-dfed-4922-b792-19d7bb8bc964","side":"sell","price":30400,"size":0.4,"type":"limit","tag":{"venue":"COINBASE"}}},{"opId":59,"ts":1751256058303,"op":"l","o":{"id":"CB-BUY-29500-9bb960c3-6b4a-4310-94be-f9c4eba30441","side":"buy","price":29500,"size":0.5,"type":"limit","tag":{"venue":"COINBASE"}}},{"opId":60,"ts":1751256058304,"op":"l","o":{"id":"CB-SELL-30500-ea1b48ee-234d-4003-a4d2-2846207ca36f","side":"sell","price":30500,"size":0.5,"type":"limit","tag":{"venue":"COINBASE"}}},{"opId":61,"ts":1751256543105,"op":"l","o":{"id":"MOCK-BID-BTC-USDC-1-1751256543105","side":"buy","price":99900,"size":1.0526043907789284,"type":"limit"}},{"opId":62,"ts":1751256543109,"op":"l","o":{"id":"MOCK-BID-BTC-USDC-2-1751256543109","side":"buy","price":99800,"size":1.2290285630041353,"type":"limit"}},{"opId":63,"ts":1751256543112,"op":"l","o":{"id":"MOCK-BID-BTC-USDC-3-1751256543112","side":"buy","price":99700,"size":3.722159772783291,"type":"limit"}},{"opId":64,"ts":1751256543116,"op":"l","o":{"id":"MOCK-BID-BTC-USDC-4-1751256543116","side":"buy","price":99600,"size":4.749396796511772,"type":"limit"}},{"opId":65,"ts":1751256543119,"op":"l","o":{"id":"MOCK-BID-BTC-USDC-5-1751256543118","side":"buy","price":99500,"size":4.152416440128575,"type":"limit"}},{"opId":66,"ts":1751256543121,"op":"l","o":{"id":"MOCK-BID-BTC-USDC-6-1751256543121","side":"buy","price":99400,"size":3.1079786373742246,"type":"limit"}},{"opId":67,"ts":1751256543123,"op":"l","o":{"id":"MOCK-BID-BTC-USDC-7-1751256543123","side":"buy","price":99300,"size":4.791403296992417,"type":"limit"}},{"opId":68,"ts":1751256543127,"op":"l","o":{"id":"MOCK-BID-BTC-USDC-8-1751256543126","side":"buy","price":99200,"size":3.4879910578810724,"type":"limit"}},{"opId":69,"ts":1751256543134,"op":"l","o":{"id":"MOCK-BID-BTC-USDC-9-1751256543134","side":"buy","price":99100,"size":2.189403997507877,"type":"limit"}},{"opId":70,"ts":1751256543139,"op":"l","o":{"id":"MOCK-BID-BTC-USDC-10-1751256543139","side":"buy","price":99000,"size":4.957544450146713,"type":"limit"}},{"opId":71,"ts":1751256543143,"op":"l","o":{"id":"MOCK-ASK-BTC-USDC-1-1751256543142","side":"sell","price":100100,"size":4.137993766691617,"type":"limit"}},{"opId":72,"ts":1751256543146,"op":"l","o":{"id":"MOCK-ASK-BTC-USDC-2-1751256543146","side":"sell","price":100200,"size":3.742123072496265,"type":"limit"}},{"opId":73,"ts":1751256543150,"op":"l","o":{"id":"MOCK-ASK-BTC-USDC-3-1751256543150","side":"sell","price":100300,"size":0.17405427996094006,"type":"limit"}},{"opId":74,"ts":1751256543152,"op":"l","o":{"id":"MOCK-ASK-BTC-USDC-4-1751256543152","side":"sell","price":100400,"size":1.8902868289941732,"type":"limit"}},{"opId":75,"ts":1751256543155,"op":"l","o":{"id":"MOCK-ASK-BTC-USDC-5-1751256543154","side":"sell","price":100500,"size":4.397777126566799,"type":"limit"}},{"opId":76,"ts":1751256543157,"op":"l","o":{"id":"MOCK-ASK-BTC-USDC-6-1751256543157","side":"sell","price":100600,"size":0.31176788364393626,"type":"limit"}},{"opId":77,"ts":1751256543161,"op":"l","o":{"id":"MOCK-ASK-BTC-USDC-7-1751256543160","side":"sell","price":100700,"size":1.7097143402185466,"type":"limit"}},{"opId":78,"ts":1751256543168,"op":"l","o":{"id":"MOCK-ASK-BTC-USDC-8-1751256543167","side":"sell","price":100800,"size":4.810217513098521,"type":"limit"}},{"opId":79,"ts":1751256543174,"op":"l","o":{"id":"MOCK-ASK-BTC-USDC-9-1751256543173","side":"sell","price":100900,"size":1.320347055278771,"type":"limit"}},{"opId":80,"ts":1751256543176,"op":"l","o":{"id":"MOCK-ASK-BTC-USDC-10-1751256543176","side":"sell","price":101000,"size":2.4324917076262866,"type":"limit"}},{"opId":81,"ts":1751256547629,"op":"l","o":{"id":"CB-BUY-29900-8cc46778-8df4-46b0-b0d3-1dccef7c653a","side":"buy","price":29900,"size":0.1,"type":"limit","tag":{"venue":"COINBASE"}}},{"opId":82,"ts":1751256547632,"op":"l","o":{"id":"CB-SELL-30100-4d032df7-3731-4f6c-ae42-a4d00fed4dc7","side":"sell","price":30100,"size":0.1,"type":"limit","tag":{"venue":"COINBASE"}}},{"opId":83,"ts":1751256547635,"op":"l","o":{"id":"CB-BUY-29800-93d1a085-d040-4b2e-9a44-c5ea75fcad67","side":"buy","price":29800,"size":0.2,"type":"limit","tag":{"venue":"COINBASE"}}},{"opId":84,"ts":1751256547639,"op":"l","o":{"id":"CB-SELL-30200-54ef986c-1ed0-4690-b49b-3f766052aa77","side":"sell","price":30200,"size":0.2,"type":"limit","tag":{"venue":"COINBASE"}}},{"opId":85,"ts":1751256547641,"op":"l","o":{"id":"CB-BUY-29700-545ec385-e008-447c-b794-1a30dcc888e7","side":"buy","price":29700,"size":0.30000000000000004,"type":"limit","tag":{"venue":"COINBASE"}}},{"opId":86,"ts":1751256547644,"op":"l","o":{"id":"CB-SELL-30300-225802da-a14a-4d91-a474-5b1d01899086","side":"sell","price":30300,"size":0.30000000000000004,"type":"limit","tag":{"venue":"COINBASE"}}},{"opId":87,"ts":1751256547646,"op":"l","o":{"id":"CB-BUY-29600-07f9ef5a-fac3-4ffc-82df-3288cf29e9e1","side":"buy","price":29600,"size":0.4,"type":"limit","tag":{"venue":"COINBASE"}}},{"opId":88,"ts":1751256547649,"op":"l","o":{"id":"CB-SELL-30400-4905f4cd-9ce3-419a-8105-a566f7573fb4","side":"sell","price":30400,"size":0.4,"type":"limit","tag":{"venue":"COINBASE"}}},{"opId":89,"ts":1751256547651,"op":"l","o":{"id":"CB-BUY-29500-34419b8f-eb52-424b-b987-2cf2e1fbc079","side":"buy","price":29500,"size":0.5,"type":"limit","tag":{"venue":"COINBASE"}}},{"opId":90,"ts":1751256547653,"op":"l","o":{"id":"CB-SELL-30500-61c451a9-8d3d-48ac-9883-3ed648437e11","side":"sell","price":30500,"size":0.5,"type":"limit","tag":{"venue":"COINBASE"}}},{"opId":91,"ts":1751256930389,"op":"l","o":{"id":"MOCK-BID-BTC-USDC-1-1751256930389","side":"buy","price":99900,"size":4.038315596973396,"type":"limit"}},{"opId":92,"ts":1751256930392,"op":"l","o":{"id":"MOCK-BID-BTC-USDC-2-1751256930392","side":"buy","price":99800,"size":4.484257124580662,"type":"limit"}},{"opId":93,"ts":1751256930399,"op":"l","o":{"id":"MOCK-BID-BTC-USDC-3-1751256930398","side":"buy","price":99700,"size":0.6496628349056176,"type":"limit"}},{"opId":94,"ts":1751256930401,"op":"l","o":{"id":"MOCK-BID-BTC-USDC-4-1751256930401","side":"buy","price":99600,"size":0.43375258858705845,"type":"limit"}},{"opId":95,"ts":1751256930404,"op":"l","o":{"id":"MOCK-BID-BTC-USDC-5-1751256930404","side":"buy","price":99500,"size":1.7654177579672192,"type":"limit"}},{"opId":96,"ts":1751256930406,"op":"l","o":{"id":"MOCK-BID-BTC-USDC-6-1751256930406","side":"buy","price":99400,"size":3.346501615311124,"type":"limit"}},{"opId":97,"ts":1751256930409,"op":"l","o":{"id":"MOCK-BID-BTC-USDC-7-1751256930409","side":"buy","price":99300,"size":4.150848623985977,"type":"limit"}},{"opId":98,"ts":1751256930416,"op":"l","o":{"id":"MOCK-BID-BTC-USDC-8-1751256930416","side":"buy","price":99200,"size":2.0185859230195913,"type":"limit"}},{"opId":99,"ts":1751256930417,"op":"l","o":{"id":"MOCK-BID-BTC-USDC-9-1751256930417","side":"buy","price":99100,"size":3.805118337965664,"type":"limit"}},{"opId":100,"ts":1751256930420,"op":"l","o":{"id":"MOCK-BID-BTC-USDC-10-1751256930419","side":"buy","price":99000,"size":4.845868550285887,"type":"limit"}},{"opId":101,"ts":1751256930422,"op":"l","o":{"id":"MOCK-ASK-BTC-USDC-1-1751256930422","side":"sell","price":100100,"size":4.42172451644095,"type":"limit"}},{"opId":102,"ts":1751256930427,"op":"l","o":{"id":"MOCK-ASK-BTC-USDC-2-1751256930427","side":"sell","price":100200,"size":0.9087569633802827,"type":"limit"}},{"opId":103,"ts":1751256930430,"op":"l","o":{"id":"MOCK-ASK-BTC-USDC-3-1751256930430","side":"sell","price":100300,"size":1.5404372822660706,"type":"limit"}},{"opId":104,"ts":1751256930432,"op":"l","o":{"id":"MOCK-ASK-BTC-USDC-4-1751256930432","side":"sell","price":100400,"size":0.3968468880359831,"type":"limit"}},{"opId":105,"ts":1751256930434,"op":"l","o":{"id":"MOCK-ASK-BTC-USDC-5-1751256930434","side":"sell","price":100500,"size":2.5688078290435077,"type":"limit"}},{"opId":106,"ts":1751256930436,"op":"l","o":{"id":"MOCK-ASK-BTC-USDC-6-1751256930436","side":"sell","price":100600,"size":1.1822554077874203,"type":"limit"}},{"opId":107,"ts":1751256930439,"op":"l","o":{"id":"MOCK-ASK-BTC-USDC-7-1751256930439","side":"sell","price":100700,"size":4.837718542131794,"type":"limit"}},{"opId":108,"ts":1751256930442,"op":"l","o":{"id":"MOCK-ASK-BTC-USDC-8-1751256930442","side":"sell","price":100800,"size":1.5067998854099574,"type":"limit"}},{"opId":109,"ts":1751256930449,"op":"l","o":{"id":"MOCK-ASK-BTC-USDC-9-1751256930448","side":"sell","price":100900,"size":2.221687434157046,"type":"limit"}},{"opId":110,"ts":1751256930455,"op":"l","o":{"id":"MOCK-ASK-BTC-USDC-10-1751256930454","side":"sell","price":101000,"size":4.748942227075686,"type":"limit"}},{"opId":111,"ts":1751256935072,"op":"l","o":{"id":"CB-BUY-29900-b22ab02b-f5ce-4822-8aa5-db4915b21735","side":"buy","price":29900,"size":0.1,"type":"limit","tag":{"venue":"COINBASE"}}},{"opId":112,"ts":1751256935076,"op":"l","o":{"id":"CB-SELL-30100-e570fa19-243f-4ff7-b8e4-6b64eb53d367","side":"sell","price":30100,"size":0.1,"type":"limit","tag":{"venue":"COINBASE"}}},{"opId":113,"ts":1751256935079,"op":"l","o":{"id":"CB-BUY-29800-25c0a19e-36e1-4fd7-a513-3471e35ebdf7","side":"buy","price":29800,"size":0.2,"type":"limit","tag":{"venue":"COINBASE"}}},{"opId":114,"ts":1751256935082,"op":"l","o":{"id":"CB-SELL-30200-2ad1b4b9-fd78-41d7-9416-645b4c7d9f63","side":"sell","price":30200,"size":0.2,"type":"limit","tag":{"venue":"COINBASE"}}},{"opId":115,"ts":1751256935084,"op":"l","o":{"id":"CB-BUY-29700-97d24544-750f-4a9f-99ac-57b583d2b6fa","side":"buy","price":29700,"size":0.30000000000000004,"type":"limit","tag":{"venue":"COINBASE"}}},{"opId":116,"ts":1751256935113,"op":"l","o":{"id":"CB-SELL-30300-be8a49a1-a989-4c2d-8644-1bf7658480c3","side":"sell","price":30300,"size":0.30000000000000004,"type":"limit","tag":{"venue":"COINBASE"}}},{"opId":117,"ts":1751256935118,"op":"l","o":{"id":"CB-BUY-29600-6804e08f-c3a5-4b16-a5da-d56d1bb6f909","side":"buy","price":29600,"size":0.4,"type":"limit","tag":{"venue":"COINBASE"}}},{"opId":118,"ts":1751256935120,"op":"l","o":{"id":"CB-SELL-30400-ddb86580-c6dc-40d3-a351-8b2c59658313","side":"sell","price":30400,"size":0.4,"type":"limit","tag":{"venue":"COINBASE"}}},{"opId":119,"ts":1751256935123,"op":"l","o":{"id":"CB-BUY-29500-1e90490c-c7eb-413a-a5e8-fbf283eca87b","side":"buy","price":29500,"size":0.5,"type":"limit","tag":{"venue":"COINBASE"}}},{"opId":120,"ts":1751256935126,"op":"l","o":{"id":"CB-SELL-30500-1fc1bbbb-fcc9-4b6b-8425-2e397baef29b","side":"sell","price":30500,"size":0.5,"type":"limit","tag":{"venue":"COINBASE"}}},{"opId":121,"ts":1751350791656,"op":"l","o":{"id":"MOCK-BID-BTC-USDC-1-1751350791656","side":"buy","price":99900,"size":4.729202473219734,"type":"limit"}},{"opId":122,"ts":1751350791661,"op":"l","o":{"id":"MOCK-BID-BTC-USDC-2-1751350791661","side":"buy","price":99800,"size":2.741064362639858,"type":"limit"}},{"opId":123,"ts":1751350791663,"op":"l","o":{"id":"MOCK-BID-BTC-USDC-3-1751350791663","side":"buy","price":99700,"size":2.1266223279074903,"type":"limit"}},{"opId":124,"ts":1751350791665,"op":"l","o":{"id":"MOCK-BID-BTC-USDC-4-1751350791665","side":"buy","price":99600,"size":3.6085078034300797,"type":"limit"}},{"opId":125,"ts":1751350791667,"op":"l","o":{"id":"MOCK-BID-BTC-USDC-5-1751350791667","side":"buy","price":99500,"size":3.971738953404691,"type":"limit"}},{"opId":126,"ts":1751350791669,"op":"l","o":{"id":"MOCK-BID-BTC-USDC-6-1751350791669","side":"buy","price":99400,"size":3.8352590510993587,"type":"limit"}},{"opId":127,"ts":1751350791671,"op":"l","o":{"id":"MOCK-BID-BTC-USDC-7-1751350791671","side":"buy","price":99300,"size":1.5562613972054617,"type":"limit"}},{"opId":128,"ts":1751350791677,"op":"l","o":{"id":"MOCK-BID-BTC-USDC-8-1751350791677","side":"buy","price":99200,"size":0.3196305956708766,"type":"limit"}},{"opId":129,"ts":1751350791680,"op":"l","o":{"id":"MOCK-BID-BTC-USDC-9-1751350791680","side":"buy","price":99100,"size":4.639187946002842,"type":"limit"}},{"opId":130,"ts":1751350791681,"op":"l","o":{"id":"MOCK-BID-BTC-USDC-10-1751350791681","side":"buy","price":99000,"size":1.82495408689053,"type":"limit"}},{"opId":131,"ts":1751350791683,"op":"l","o":{"id":"MOCK-ASK-BTC-USDC-1-1751350791683","side":"sell","price":100100,"size":2.459972467944677,"type":"limit"}},{"opId":132,"ts":1751350791684,"op":"l","o":{"id":"MOCK-ASK-BTC-USDC-2-1751350791684","side":"sell","price":100200,"size":5.054180636291845,"type":"limit"}},{"opId":133,"ts":1751350791686,"op":"l","o":{"id":"MOCK-ASK-BTC-USDC-3-1751350791685","side":"sell","price":100300,"size":4.194707567325386,"type":"limit"}},{"opId":134,"ts":1751350791688,"op":"l","o":{"id":"MOCK-ASK-BTC-USDC-4-1751350791688","side":"sell","price":100400,"size":3.5938595418125865,"type":"limit"}},{"opId":135,"ts":1751350791694,"op":"l","o":{"id":"MOCK-ASK-BTC-USDC-5-1751350791693","side":"sell","price":100500,"size":1.3967640932795045,"type":"limit"}},{"opId":136,"ts":1751350791697,"op":"l","o":{"id":"MOCK-ASK-BTC-USDC-6-1751350791697","side":"sell","price":100600,"size":4.54672171763326,"type":"limit"}},{"opId":137,"ts":1751350791703,"op":"l","o":{"id":"MOCK-ASK-BTC-USDC-7-1751350791702","side":"sell","price":100700,"size":2.019126965902408,"type":"limit"}},{"opId":138,"ts":1751350791704,"op":"l","o":{"id":"MOCK-ASK-BTC-USDC-8-1751350791704","side":"sell","price":100800,"size":5.042632608564341,"type":"limit"}},{"opId":139,"ts":1751350791706,"op":"l","o":{"id":"MOCK-ASK-BTC-USDC-9-1751350791706","side":"sell","price":100900,"size":3.0423105948743348,"type":"limit"}},{"opId":140,"ts":1751350791707,"op":"l","o":{"id":"MOCK-ASK-BTC-USDC-10-1751350791707","side":"sell","price":101000,"size":3.3121901581150257,"type":"limit"}},{"opId":141,"ts":1751350796305,"op":"l","o":{"id":"CB-BUY-29900-dbe187f6-e027-47e2-9b76-4aa44c500010","side":"buy","price":29900,"size":0.1,"type":"limit","tag":{"venue":"COINBASE"}}},{"opId":142,"ts":1751350796309,"op":"l","o":{"id":"CB-SELL-30100-2f2f7768-7f0b-445b-98cb-cb57890bd063","side":"sell","price":30100,"size":0.1,"type":"limit","tag":{"venue":"COINBASE"}}},{"opId":143,"ts":1751350796311,"op":"l","o":{"id":"CB-BUY-29800-06c6316e-df31-4b2d-81d1-be0e28925b51","side":"buy","price":29800,"size":0.2,"type":"limit","tag":{"venue":"COINBASE"}}},{"opId":144,"ts":1751350796312,"op":"l","o":{"id":"CB-SELL-30200-277844ae-1657-41d5-8297-81999e687ced","side":"sell","price":30200,"size":0.2,"type":"limit","tag":{"venue":"COINBASE"}}},{"opId":145,"ts":1751350796314,"op":"l","o":{"id":"CB-BUY-29700-dfdc292f-4ae1-4766-91ed-36d2ab4b7ad8","side":"buy","price":29700,"size":0.30000000000000004,"type":"limit","tag":{"venue":"COINBASE"}}},{"opId":146,"ts":1751350796316,"op":"l","o":{"id":"CB-SELL-30300-4e19ab18-f357-4cd4-9d17-1bd6385e7346","side":"sell","price":30300,"size":0.30000000000000004,"type":"limit","tag":{"venue":"COINBASE"}}},{"opId":147,"ts":1751350796317,"op":"l","o":{"id":"CB-BUY-29600-12c0436d-3471-478f-9c8f-c68ddcd44d4b","side":"buy","price":29600,"size":0.4,"type":"limit","tag":{"venue":"COINBASE"}}},{"opId":148,"ts":1751350796319,"op":"l","o":{"id":"CB-SELL-30400-66157b1a-20fd-4d33-b075-bcde75a3fbf6","side":"sell","price":30400,"size":0.4,"type":"limit","tag":{"venue":"COINBASE"}}},{"opId":149,"ts":1751350796321,"op":"l","o":{"id":"CB-BUY-29500-7793751d-55bf-4f9d-b98f-99dff26eac54","side":"buy","price":29500,"size":0.5,"type":"limit","tag":{"venue":"COINBASE"}}},{"opId":150,"ts":1751350796323,"op":"l","o":{"id":"CB-SELL-30500-09a7c463-e3c0-4a41-a3a3-8ff243a4c7c7","side":"sell","price":30500,"size":0.5,"type":"limit","tag":{"venue":"COINBASE"}}},{"opId":151,"ts":1751351925371,"op":"l","o":{"id":"MOCK-BID-BTC-USDC-1-1751351925370","side":"buy","price":99900,"size":1.822010011322649,"type":"limit"}},{"opId":152,"ts":1751351925378,"op":"l","o":{"id":"MOCK-BID-BTC-USDC-2-1751351925378","side":"buy","price":99800,"size":0.5636570464270584,"type":"limit"}},{"opId":153,"ts":1751351925382,"op":"l","o":{"id":"MOCK-BID-BTC-USDC-3-1751351925382","side":"buy","price":99700,"size":1.6032208044490814,"type":"limit"}},{"opId":154,"ts":1751351925386,"op":"l","o":{"id":"MOCK-BID-BTC-USDC-4-1751351925386","side":"buy","price":99600,"size":2.5907428883010533,"type":"limit"}},{"opId":155,"ts":1751351925391,"op":"l","o":{"id":"MOCK-BID-BTC-USDC-5-1751351925391","side":"buy","price":99500,"size":0.47956304876124334,"type":"limit"}},{"opId":156,"ts":1751351925393,"op":"l","o":{"id":"MOCK-BID-BTC-USDC-6-1751351925393","side":"buy","price":99400,"size":0.6407455360383495,"type":"limit"}},{"opId":157,"ts":1751351925396,"op":"l","o":{"id":"MOCK-BID-BTC-USDC-7-1751351925396","side":"buy","price":99300,"size":2.525416384201218,"type":"limit"}},{"opId":158,"ts":1751351925406,"op":"l","o":{"id":"MOCK-BID-BTC-USDC-8-1751351925406","side":"buy","price":99200,"size":2.178359159427583,"type":"limit"}},{"opId":159,"ts":1751351925410,"op":"l","o":{"id":"MOCK-BID-BTC-USDC-9-1751351925410","side":"buy","price":99100,"size":4.4825369843926905,"type":"limit"}},{"opId":160,"ts":1751351925412,"op":"l","o":{"id":"MOCK-BID-BTC-USDC-10-1751351925412","side":"buy","price":99000,"size":4.102592132648681,"type":"limit"}},{"opId":161,"ts":1751351925416,"op":"l","o":{"id":"MOCK-ASK-BTC-USDC-1-1751351925415","side":"sell","price":100100,"size":2.1439072050248655,"type":"limit"}},{"opId":162,"ts":1751351925421,"op":"l","o":{"id":"MOCK-ASK-BTC-USDC-2-1751351925421","side":"sell","price":100200,"size":2.548639183037341,"type":"limit"}},{"opId":163,"ts":1751351925426,"op":"l","o":{"id":"MOCK-ASK-BTC-USDC-3-1751351925426","side":"sell","price":100300,"size":1.332780914046413,"type":"limit"}},{"opId":164,"ts":1751351925429,"op":"l","o":{"id":"MOCK-ASK-BTC-USDC-4-1751351925429","side":"sell","price":100400,"size":4.1507915922186935,"type":"limit"}},{"opId":165,"ts":1751351925432,"op":"l","o":{"id":"MOCK-ASK-BTC-USDC-5-1751351925432","side":"sell","price":100500,"size":4.7565610870563555,"type":"limit"}},{"opId":166,"ts":1751351925436,"op":"l","o":{"id":"MOCK-ASK-BTC-USDC-6-1751351925435","side":"sell","price":100600,"size":2.137440709225643,"type":"limit"}},{"opId":167,"ts":1751351925441,"op":"l","o":{"id":"MOCK-ASK-BTC-USDC-7-1751351925441","side":"sell","price":100700,"size":0.13050358897598305,"type":"limit"}},{"opId":168,"ts":1751351925444,"op":"l","o":{"id":"MOCK-ASK-BTC-USDC-8-1751351925444","side":"sell","price":100800,"size":1.6186823255446747,"type":"limit"}},{"opId":169,"ts":1751351925446,"op":"l","o":{"id":"MOCK-ASK-BTC-USDC-9-1751351925446","side":"sell","price":100900,"size":3.1929242495566035,"type":"limit"}},{"opId":170,"ts":1751351925449,"op":"l","o":{"id":"MOCK-ASK-BTC-USDC-10-1751351925449","side":"sell","price":101000,"size":4.035413423206107,"type":"limit"}},{"opId":171,"ts":1751351930030,"op":"l","o":{"id":"CB-BUY-29900-0278a3fc-a1ca-4a1a-847c-825d5732468f","side":"buy","price":29900,"size":0.1,"type":"limit","tag":{"venue":"COINBASE"}}},{"opId":172,"ts":1751351930033,"op":"l","o":{"id":"CB-SELL-30100-e43fd6de-606e-41dc-b704-2fa833e4f3ff","side":"sell","price":30100,"size":0.1,"type":"limit","tag":{"venue":"COINBASE"}}},{"opId":173,"ts":1751351930036,"op":"l","o":{"id":"CB-BUY-29800-91a51e50-8580-4e09-a21b-6db7dd59ad8e","side":"buy","price":29800,"size":0.2,"type":"limit","tag":{"venue":"COINBASE"}}},{"opId":174,"ts":1751351930038,"op":"l","o":{"id":"CB-SELL-30200-e8778205-7ac2-44ec-95da-0f565413cf22","side":"sell","price":30200,"size":0.2,"type":"limit","tag":{"venue":"COINBASE"}}},{"opId":175,"ts":1751351930047,"op":"l","o":{"id":"CB-BUY-29700-7353b27c-b608-4ecd-8c98-fe1253fc2ae9","side":"buy","price":29700,"size":0.30000000000000004,"type":"limit","tag":{"venue":"COINBASE"}}},{"opId":176,"ts":1751351930049,"op":"l","o":{"id":"CB-SELL-30300-5ea6d94e-8668-4c0c-8d6b-888e6f101b7a","side":"sell","price":30300,"size":0.30000000000000004,"type":"limit","tag":{"venue":"COINBASE"}}},{"opId":177,"ts":1751351930052,"op":"l","o":{"id":"CB-BUY-29600-3ddb586b-af3e-4141-a84c-3b652ff5546c","side":"buy","price":29600,"size":0.4,"type":"limit","tag":{"venue":"COINBASE"}}},{"opId":178,"ts":1751351930054,"op":"l","o":{"id":"CB-SELL-30400-cfa63292-549c-43cc-9805-2e08502f7da4","side":"sell","price":30400,"size":0.4,"type":"limit","tag":{"venue":"COINBASE"}}},{"opId":179,"ts":1751351930057,"op":"l","o":{"id":"CB-BUY-29500-74640b31-30b5-4635-8b35-67b35eebc00a","side":"buy","price":29500,"size":0.5,"type":"limit","tag":{"venue":"COINBASE"}}},{"opId":180,"ts":1751351930059,"op":"l","o":{"id":"CB-SELL-30500-898956b7-ee23-4b83-98bf-7cb607691e3d","side":"sell","price":30500,"size":0.5,"type":"limit","tag":{"venue":"COINBASE"}}},{"opId":181,"ts":1751352295333,"op":"l","o":{"id":"MOCK-BID-BTC-USDC-1-1751352295333","side":"buy","price":99900,"size":0.9395571158286519,"type":"limit"}},{"opId":182,"ts":1751352295339,"op":"l","o":{"id":"MOCK-BID-BTC-USDC-2-1751352295339","side":"buy","price":99800,"size":4.381266141946199,"type":"limit"}},{"opId":183,"ts":1751352295342,"op":"l","o":{"id":"MOCK-BID-BTC-USDC-3-1751352295342","side":"buy","price":99700,"size":1.4169978247700288,"type":"limit"}},{"opId":184,"ts":1751352295344,"op":"l","o":{"id":"MOCK-BID-BTC-USDC-4-1751352295344","side":"buy","price":99600,"size":0.5686037070049698,"type":"limit"}},{"opId":185,"ts":1751352295347,"op":"l","o":{"id":"MOCK-BID-BTC-USDC-5-1751352295347","side":"buy","price":99500,"size":0.173836053123294,"type":"limit"}},{"opId":186,"ts":1751352295348,"op":"l","o":{"id":"MOCK-BID-BTC-USDC-6-1751352295348","side":"buy","price":99400,"size":1.161974247916947,"type":"limit"}},{"opId":187,"ts":1751352295352,"op":"l","o":{"id":"MOCK-BID-BTC-USDC-7-1751352295351","side":"buy","price":99300,"size":3.9982152614244035,"type":"limit"}},{"opId":188,"ts":1751352295357,"op":"l","o":{"id":"MOCK-BID-BTC-USDC-8-1751352295357","side":"buy","price":99200,"size":0.528483421504876,"type":"limit"}},{"opId":189,"ts":1751352295359,"op":"l","o":{"id":"MOCK-BID-BTC-USDC-9-1751352295359","side":"buy","price":99100,"size":4.313079227659941,"type":"limit"}},{"opId":190,"ts":1751352295361,"op":"l","o":{"id":"MOCK-BID-BTC-USDC-10-1751352295361","side":"buy","price":99000,"size":0.8423799584603008,"type":"limit"}},{"opId":191,"ts":1751352295363,"op":"l","o":{"id":"MOCK-ASK-BTC-USDC-1-1751352295363","side":"sell","price":100100,"size":0.1672840764192606,"type":"limit"}},{"opId":192,"ts":1751352295365,"op":"l","o":{"id":"MOCK-ASK-BTC-USDC-2-1751352295365","side":"sell","price":100200,"size":2.1617391471461143,"type":"limit"}},{"opId":193,"ts":1751352295368,"op":"l","o":{"id":"MOCK-ASK-BTC-USDC-3-1751352295368","side":"sell","price":100300,"size":1.1689087870203418,"type":"limit"}},{"opId":194,"ts":1751352295373,"op":"l","o":{"id":"MOCK-ASK-BTC-USDC-4-1751352295373","side":"sell","price":100400,"size":2.5375761392743534,"type":"limit"}},{"opId":195,"ts":1751352295377,"op":"l","o":{"id":"MOCK-ASK-BTC-USDC-5-1751352295377","side":"sell","price":100500,"size":3.741334139031124,"type":"limit"}},{"opId":196,"ts":1751352295379,"op":"l","o":{"id":"MOCK-ASK-BTC-USDC-6-1751352295379","side":"sell","price":100600,"size":1.880854830395664,"type":"limit"}},{"opId":197,"ts":1751352295384,"op":"l","o":{"id":"MOCK-ASK-BTC-USDC-7-1751352295384","side":"sell","price":100700,"size":4.0104635488819715,"type":"limit"}},{"opId":198,"ts":1751352295388,"op":"l","o":{"id":"MOCK-ASK-BTC-USDC-8-1751352295388","side":"sell","price":100800,"size":1.8904286289100658,"type":"limit"}},{"opId":199,"ts":1751352295396,"op":"l","o":{"id":"MOCK-ASK-BTC-USDC-9-1751352295396","side":"sell","price":100900,"size":1.8307894188092921,"type":"limit"}},{"opId":200,"ts":1751352295400,"op":"l","o":{"id":"MOCK-ASK-BTC-USDC-10-1751352295400","side":"sell","price":101000,"size":1.159426788782072,"type":"limit"}},{"opId":201,"ts":1751352300170,"op":"l","o":{"id":"CB-BUY-29900-1ade13c1-22ad-413d-b13a-cc710c7b0626","side":"buy","price":29900,"size":0.1,"type":"limit","tag":{"venue":"COINBASE"}}},{"opId":202,"ts":1751352300176,"op":"l","o":{"id":"CB-SELL-30100-733aba5e-8730-4d0e-a848-9c633e684c99","side":"sell","price":30100,"size":0.1,"type":"limit","tag":{"venue":"COINBASE"}}},{"opId":203,"ts":1751352300179,"op":"l","o":{"id":"CB-BUY-29800-1162f62e-f489-4bae-b5c9-d4c3e1db2e38","side":"buy","price":29800,"size":0.2,"type":"limit","tag":{"venue":"COINBASE"}}},{"opId":204,"ts":1751352300182,"op":"l","o":{"id":"CB-SELL-30200-a62ca9e6-a749-48a2-91d3-46eb5c47787a","side":"sell","price":30200,"size":0.2,"type":"limit","tag":{"venue":"COINBASE"}}},{"opId":205,"ts":1751352300185,"op":"l","o":{"id":"CB-BUY-29700-e214a492-0e55-468a-8233-21887509b57f","side":"buy","price":29700,"size":0.30000000000000004,"type":"limit","tag":{"venue":"COINBASE"}}},{"opId":206,"ts":1751352300189,"op":"l","o":{"id":"CB-SELL-30300-621cdfaa-e6bc-4395-ada2-4bba3352fe62","side":"sell","price":30300,"size":0.30000000000000004,"type":"limit","tag":{"venue":"COINBASE"}}},{"opId":207,"ts":1751352300192,"op":"l","o":{"id":"CB-BUY-29600-ef1c2c35-3a8b-46f9-a3b3-c13338c10ef7","side":"buy","price":29600,"size":0.4,"type":"limit","tag":{"venue":"COINBASE"}}},{"opId":208,"ts":1751352300195,"op":"l","o":{"id":"CB-SELL-30400-4541eb22-0197-408c-a3e7-19b3cd866a47","side":"sell","price":30400,"size":0.4,"type":"limit","tag":{"venue":"COINBASE"}}},{"opId":209,"ts":1751352300199,"op":"l","o":{"id":"CB-BUY-29500-6c27f023-f939-4489-bf1e-48be6100256b","side":"buy","price":29500,"size":0.5,"type":"limit","tag":{"venue":"COINBASE"}}},{"opId":210,"ts":1751352300205,"op":"l","o":{"id":"CB-SELL-30500-c4a1dd4e-f900-42b7-a5b1-2777f5f6c4aa","side":"sell","price":30500,"size":0.5,"type":"limit","tag":{"venue":"COINBASE"}}},{"opId":211,"ts":1751354316558,"op":"l","o":{"id":"MOCK-BID-BTC-USDC-1-1751354316557","side":"buy","price":99900,"size":0.8202593206447272,"type":"limit"}},{"opId":212,"ts":1751354316577,"op":"l","o":{"id":"MOCK-BID-BTC-USDC-2-1751354316577","side":"buy","price":99800,"size":0.7469216541259859,"type":"limit"}},{"opId":213,"ts":1751354316582,"op":"l","o":{"id":"MOCK-BID-BTC-USDC-3-1751354316581","side":"buy","price":99700,"size":3.897154295223656,"type":"limit"}},{"opId":214,"ts":1751354316588,"op":"l","o":{"id":"MOCK-BID-BTC-USDC-4-1751354316588","side":"buy","price":99600,"size":3.2703163710046437,"type":"limit"}},{"opId":215,"ts":1751354316593,"op":"l","o":{"id":"MOCK-BID-BTC-USDC-5-1751354316593","side":"buy","price":99500,"size":0.5675414967272151,"type":"limit"}},{"opId":216,"ts":1751354316598,"op":"l","o":{"id":"MOCK-BID-BTC-USDC-6-1751354316597","side":"buy","price":99400,"size":3.800569888693176,"type":"limit"}},{"opId":217,"ts":1751354316606,"op":"l","o":{"id":"MOCK-BID-BTC-USDC-7-1751354316606","side":"buy","price":99300,"size":3.6762590858473563,"type":"limit"}},{"opId":218,"ts":1751354316610,"op":"l","o":{"id":"MOCK-BID-BTC-USDC-8-1751354316610","side":"buy","price":99200,"size":1.061319346338998,"type":"limit"}},{"opId":219,"ts":1751354316614,"op":"l","o":{"id":"MOCK-BID-BTC-USDC-9-1751354316614","side":"buy","price":99100,"size":0.28063280525319245,"type":"limit"}},{"opId":220,"ts":1751354316617,"op":"l","o":{"id":"MOCK-BID-BTC-USDC-10-1751354316617","side":"buy","price":99000,"size":1.8487796432228343,"type":"limit"}},{"opId":221,"ts":1751354316620,"op":"l","o":{"id":"MOCK-ASK-BTC-USDC-1-1751354316620","side":"sell","price":100100,"size":4.08729599212333,"type":"limit"}},{"opId":222,"ts":1751354316623,"op":"l","o":{"id":"MOCK-ASK-BTC-USDC-2-1751354316623","side":"sell","price":100200,"size":4.314639222241473,"type":"limit"}},{"opId":223,"ts":1751354316626,"op":"l","o":{"id":"MOCK-ASK-BTC-USDC-3-1751354316626","side":"sell","price":100300,"size":2.982474978627819,"type":"limit"}},{"opId":224,"ts":1751354316632,"op":"l","o":{"id":"MOCK-ASK-BTC-USDC-4-1751354316632","side":"sell","price":100400,"size":4.046276638486754,"type":"limit"}},{"opId":225,"ts":1751354316637,"op":"l","o":{"id":"MOCK-ASK-BTC-USDC-5-1751354316636","side":"sell","price":100500,"size":3.3655000655374887,"type":"limit"}},{"opId":226,"ts":1751354316641,"op":"l","o":{"id":"MOCK-ASK-BTC-USDC-6-1751354316641","side":"sell","price":100600,"size":3.4044152056639523,"type":"limit"}},{"opId":227,"ts":1751354316645,"op":"l","o":{"id":"MOCK-ASK-BTC-USDC-7-1751354316645","side":"sell","price":100700,"size":4.224040522662785,"type":"limit"}},{"opId":228,"ts":1751354316648,"op":"l","o":{"id":"MOCK-ASK-BTC-USDC-8-1751354316648","side":"sell","price":100800,"size":4.343439816151459,"type":"limit"}},{"opId":229,"ts":1751354316653,"op":"l","o":{"id":"MOCK-ASK-BTC-USDC-9-1751354316652","side":"sell","price":100900,"size":2.3576626994363745,"type":"limit"}},{"opId":230,"ts":1751354316655,"op":"l","o":{"id":"MOCK-ASK-BTC-USDC-10-1751354316655","side":"sell","price":101000,"size":1.1846010534123697,"type":"limit"}},{"opId":231,"ts":1751354321749,"op":"l","o":{"id":"CB-BUY-29900-175f59cd-acf7-49a2-ad9a-6eadecfb3f32","side":"buy","price":29900,"size":0.1,"type":"limit","tag":{"venue":"COINBASE"}}},{"opId":232,"ts":1751354321753,"op":"l","o":{"id":"CB-SELL-30100-ca2af399-6e03-40d0-994f-453c070dc19a","side":"sell","price":30100,"size":0.1,"type":"limit","tag":{"venue":"COINBASE"}}},{"opId":233,"ts":1751354321755,"op":"l","o":{"id":"CB-BUY-29800-2137d43e-c6ea-40fd-96a7-0858b7bcc40c","side":"buy","price":29800,"size":0.2,"type":"limit","tag":{"venue":"COINBASE"}}},{"opId":234,"ts":1751354321758,"op":"l","o":{"id":"CB-SELL-30200-70062018-84b0-43a2-b059-5d5eb8f073f8","side":"sell","price":30200,"size":0.2,"type":"limit","tag":{"venue":"COINBASE"}}},{"opId":235,"ts":1751354321760,"op":"l","o":{"id":"CB-BUY-29700-3c1375ad-d433-4363-b6b9-b8af5c687455","side":"buy","price":29700,"size":0.30000000000000004,"type":"limit","tag":{"venue":"COINBASE"}}},{"opId":236,"ts":1751354321762,"op":"l","o":{"id":"CB-SELL-30300-513f9cc1-b1af-46cb-9384-b47d428830df","side":"sell","price":30300,"size":0.30000000000000004,"type":"limit","tag":{"venue":"COINBASE"}}},{"opId":237,"ts":1751354321764,"op":"l","o":{"id":"CB-BUY-29600-73ca89f2-4470-476e-bd32-ff49623a0587","side":"buy","price":29600,"size":0.4,"type":"limit","tag":{"venue":"COINBASE"}}},{"opId":238,"ts":1751354321767,"op":"l","o":{"id":"CB-SELL-30400-fe0b33c6-b4d0-43a5-99fd-c4c306200377","side":"sell","price":30400,"size":0.4,"type":"limit","tag":{"venue":"COINBASE"}}},{"opId":239,"ts":1751354321769,"op":"l","o":{"id":"CB-BUY-29500-3889c556-f6b7-49f4-aa1d-8088a3f0e70d","side":"buy","price":29500,"size":0.5,"type":"limit","tag":{"venue":"COINBASE"}}},{"opId":240,"ts":1751354321772,"op":"l","o":{"id":"CB-SELL-30500-d0a605e9-6582-4358-b56c-b1e5721c3832","side":"sell","price":30500,"size":0.5,"type":"limit","tag":{"venue":"COINBASE"}}},{"opId":241,"ts":1751362207992,"op":"l","o":{"id":"MOCK-BID-BTC-USDC-1-1751362207989","side":"buy","price":99900,"size":0.7783149890229423,"type":"limit"}},{"opId":242,"ts":1751362208005,"op":"l","o":{"id":"MOCK-BID-BTC-USDC-2-1751362208004","side":"buy","price":99800,"size":3.610851795029728,"type":"limit"}},{"opId":243,"ts":1751362208007,"op":"l","o":{"id":"MOCK-BID-BTC-USDC-3-1751362208007","side":"buy","price":99700,"size":5.0432619949559925,"type":"limit"}},{"opId":244,"ts":1751362208011,"op":"l","o":{"id":"MOCK-BID-BTC-USDC-4-1751362208011","side":"buy","price":99600,"size":3.5653991453953284,"type":"limit"}},{"opId":245,"ts":1751362208018,"op":"l","o":{"id":"MOCK-BID-BTC-USDC-5-1751362208018","side":"buy","price":99500,"size":2.669364793534584,"type":"limit"}},{"opId":246,"ts":1751362208021,"op":"l","o":{"id":"MOCK-BID-BTC-USDC-6-1751362208021","side":"buy","price":99400,"size":5.036176422888062,"type":"limit"}},{"opId":247,"ts":1751362208024,"op":"l","o":{"id":"MOCK-BID-BTC-USDC-7-1751362208024","side":"buy","price":99300,"size":2.5880385406627293,"type":"limit"}},{"opId":248,"ts":1751362208031,"op":"l","o":{"id":"MOCK-BID-BTC-USDC-8-1751362208031","side":"buy","price":99200,"size":1.5373795926809397,"type":"limit"}},{"opId":249,"ts":1751362208037,"op":"l","o":{"id":"MOCK-BID-BTC-USDC-9-1751362208035","side":"buy","price":99100,"size":1.506235361982059,"type":"limit"}},{"opId":250,"ts":1751362208042,"op":"l","o":{"id":"MOCK-BID-BTC-USDC-10-1751362208042","side":"buy","price":99000,"size":3.4061812238979052,"type":"limit"}},{"opId":251,"ts":1751362208045,"op":"l","o":{"id":"MOCK-ASK-BTC-USDC-1-1751362208045","side":"sell","price":100100,"size":0.7676255459733671,"type":"limit"}},{"opId":252,"ts":1751362208048,"op":"l","o":{"id":"MOCK-ASK-BTC-USDC-2-1751362208048","side":"sell","price":100200,"size":1.7500460334945478,"type":"limit"}},{"opId":253,"ts":1751362208053,"op":"l","o":{"id":"MOCK-ASK-BTC-USDC-3-1751362208053","side":"sell","price":100300,"size":3.0518406872346806,"type":"limit"}},{"opId":254,"ts":1751362208056,"op":"l","o":{"id":"MOCK-ASK-BTC-USDC-4-1751362208056","side":"sell","price":100400,"size":1.7820398468514542,"type":"limit"}},{"opId":255,"ts":1751362208059,"op":"l","o":{"id":"MOCK-ASK-BTC-USDC-5-1751362208059","side":"sell","price":100500,"size":4.215302012150943,"type":"limit"}},{"opId":256,"ts":1751362208063,"op":"l","o":{"id":"MOCK-ASK-BTC-USDC-6-1751362208063","side":"sell","price":100600,"size":2.977861317121715,"type":"limit"}},{"opId":257,"ts":1751362208067,"op":"l","o":{"id":"MOCK-ASK-BTC-USDC-7-1751362208067","side":"sell","price":100700,"size":3.263140341925267,"type":"limit"}},{"opId":258,"ts":1751362208075,"op":"l","o":{"id":"MOCK-ASK-BTC-USDC-8-1751362208074","side":"sell","price":100800,"size":2.830618550899915,"type":"limit"}},{"opId":259,"ts":1751362208080,"op":"l","o":{"id":"MOCK-ASK-BTC-USDC-9-1751362208080","side":"sell","price":100900,"size":2.368154840240555,"type":"limit"}},{"opId":260,"ts":1751362208087,"op":"l","o":{"id":"MOCK-ASK-BTC-USDC-10-1751362208086","side":"sell","price":101000,"size":2.7792076014997966,"type":"limit"}},{"opId":261,"ts":1751362213389,"op":"l","o":{"id":"CB-BUY-29900-221ef909-ca37-4674-a0fd-243fe2a10b4c","side":"buy","price":29900,"size":0.1,"type":"limit","tag":{"venue":"COINBASE"}}},{"opId":262,"ts":1751362213390,"op":"l","o":{"id":"CB-SELL-30100-16978e24-8c21-430b-aea1-b3d884a0d62c","side":"sell","price":30100,"size":0.1,"type":"limit","tag":{"venue":"COINBASE"}}},{"opId":263,"ts":1751362213392,"op":"l","o":{"id":"CB-BUY-29800-beea7293-df44-4b25-aa3b-3a21567f86a1","side":"buy","price":29800,"size":0.2,"type":"limit","tag":{"venue":"COINBASE"}}},{"opId":264,"ts":1751362213394,"op":"l","o":{"id":"CB-SELL-30200-bdc61ddc-0476-4918-8d4e-3038ad7713de","side":"sell","price":30200,"size":0.2,"type":"limit","tag":{"venue":"COINBASE"}}},{"opId":265,"ts":1751362213395,"op":"l","o":{"id":"CB-BUY-29700-f139dabb-24d1-4705-b94b-49c854174a1c","side":"buy","price":29700,"size":0.30000000000000004,"type":"limit","tag":{"venue":"COINBASE"}}},{"opId":266,"ts":1751362213397,"op":"l","o":{"id":"CB-SELL-30300-2920d1de-f24e-4ab1-8047-377b514ab0d9","side":"sell","price":30300,"size":0.30000000000000004,"type":"limit","tag":{"venue":"COINBASE"}}},{"opId":267,"ts":1751362213398,"op":"l","o":{"id":"CB-BUY-29600-6cee9476-4448-4de5-b7c2-998e8f0bf6b7","side":"buy","price":29600,"size":0.4,"type":"limit","tag":{"venue":"COINBASE"}}},{"opId":268,"ts":1751362213401,"op":"l","o":{"id":"CB-SELL-30400-985fe612-aa39-4dc3-b106-3c09b34e8dfd","side":"sell","price":30400,"size":0.4,"type":"limit","tag":{"venue":"COINBASE"}}},{"opId":269,"ts":1751362213404,"op":"l","o":{"id":"CB-BUY-29500-b64fb43d-414a-4260-a2b6-4c5a4dfd592a","side":"buy","price":29500,"size":0.5,"type":"limit","tag":{"venue":"COINBASE"}}},{"opId":270,"ts":1751362213406,"op":"l","o":{"id":"CB-SELL-30500-016c24e6-6074-469c-b602-f03bf3f14e41","side":"sell","price":30500,"size":0.5,"type":"limit","tag":{"venue":"COINBASE"}}},{"opId":271,"ts":1751362439437,"op":"l","o":{"id":"MOCK-BID-BTC-USDC-1-1751362439437","side":"buy","price":99900,"size":1.2338806451649131,"type":"limit"}},{"opId":272,"ts":1751362439442,"op":"l","o":{"id":"MOCK-BID-BTC-USDC-2-1751362439442","side":"buy","price":99800,"size":2.809407692772108,"type":"limit"}},{"opId":273,"ts":1751362439444,"op":"l","o":{"id":"MOCK-BID-BTC-USDC-3-1751362439444","side":"buy","price":99700,"size":2.750238403655989,"type":"limit"}},{"opId":274,"ts":1751362439446,"op":"l","o":{"id":"MOCK-BID-BTC-USDC-4-1751362439446","side":"buy","price":99600,"size":2.9482589797681045,"type":"limit"}},{"opId":275,"ts":1751362439451,"op":"l","o":{"id":"MOCK-BID-BTC-USDC-5-1751362439451","side":"buy","price":99500,"size":4.39412114839962,"type":"limit"}},{"opId":276,"ts":1751362439453,"op":"l","o":{"id":"MOCK-BID-BTC-USDC-6-1751362439453","side":"buy","price":99400,"size":1.6661609781141418,"type":"limit"}},{"opId":277,"ts":1751362439456,"op":"l","o":{"id":"MOCK-BID-BTC-USDC-7-1751362439456","side":"buy","price":99300,"size":2.4003649669684637,"type":"limit"}},{"opId":278,"ts":1751362439459,"op":"l","o":{"id":"MOCK-BID-BTC-USDC-8-1751362439459","side":"buy","price":99200,"size":4.606311275341894,"type":"limit"}},{"opId":279,"ts":1751362439461,"op":"l","o":{"id":"MOCK-BID-BTC-USDC-9-1751362439461","side":"buy","price":99100,"size":3.014291038834589,"type":"limit"}},{"opId":280,"ts":1751362439464,"op":"l","o":{"id":"MOCK-BID-BTC-USDC-10-1751362439464","side":"buy","price":99000,"size":4.202124351850632,"type":"limit"}},{"opId":281,"ts":1751362439468,"op":"l","o":{"id":"MOCK-ASK-BTC-USDC-1-1751362439468","side":"sell","price":100100,"size":5.016259489320168,"type":"limit"}},{"opId":282,"ts":1751362439471,"op":"l","o":{"id":"MOCK-ASK-BTC-USDC-2-1751362439471","side":"sell","price":100200,"size":3.929591231497993,"type":"limit"}},{"opId":283,"ts":1751362439475,"op":"l","o":{"id":"MOCK-ASK-BTC-USDC-3-1751362439475","side":"sell","price":100300,"size":2.9344754467731584,"type":"limit"}},{"opId":284,"ts":1751362439481,"op":"l","o":{"id":"MOCK-ASK-BTC-USDC-4-1751362439481","side":"sell","price":100400,"size":0.7506362287024392,"type":"limit"}},{"opId":285,"ts":1751362439483,"op":"l","o":{"id":"MOCK-ASK-BTC-USDC-5-1751362439483","side":"sell","price":100500,"size":4.7432783403380006,"type":"limit"}},{"opId":286,"ts":1751362439485,"op":"l","o":{"id":"MOCK-ASK-BTC-USDC-6-1751362439485","side":"sell","price":100600,"size":4.962550618367381,"type":"limit"}},{"opId":287,"ts":1751362439486,"op":"l","o":{"id":"MOCK-ASK-BTC-USDC-7-1751362439486","side":"sell","price":100700,"size":1.3858589473400484,"type":"limit"}},{"opId":288,"ts":1751362439488,"op":"l","o":{"id":"MOCK-ASK-BTC-USDC-8-1751362439488","side":"sell","price":100800,"size":4.257278793813738,"type":"limit"}},{"opId":289,"ts":1751362439491,"op":"l","o":{"id":"MOCK-ASK-BTC-USDC-9-1751362439491","side":"sell","price":100900,"size":2.4938583946144512,"type":"limit"}},{"opId":290,"ts":1751362439493,"op":"l","o":{"id":"MOCK-ASK-BTC-USDC-10-1751362439493","side":"sell","price":101000,"size":4.76270044664422,"type":"limit"}},{"opId":291,"ts":1751362444238,"op":"l","o":{"id":"CB-BUY-29900-658c7819-0232-49d4-b5f6-56694f303a22","side":"buy","price":29900,"size":0.1,"type":"limit","tag":{"venue":"COINBASE"}}},{"opId":292,"ts":1751362444244,"op":"l","o":{"id":"CB-SELL-30100-b24ce59b-e80f-4c78-ae49-d70036d483e6","side":"sell","price":30100,"size":0.1,"type":"limit","tag":{"venue":"COINBASE"}}},{"opId":293,"ts":1751362444249,"op":"l","o":{"id":"CB-BUY-29800-ba70b649-333f-4ae7-b872-71a5309874b5","side":"buy","price":29800,"size":0.2,"type":"limit","tag":{"venue":"COINBASE"}}},{"opId":294,"ts":1751362444253,"op":"l","o":{"id":"CB-SELL-30200-63023c69-f2cf-461c-9f03-447d9f1bee07","side":"sell","price":30200,"size":0.2,"type":"limit","tag":{"venue":"COINBASE"}}},{"opId":295,"ts":1751362444257,"op":"l","o":{"id":"CB-BUY-29700-8ae0aba5-e9fd-46c1-95f8-637599a62535","side":"buy","price":29700,"size":0.30000000000000004,"type":"limit","tag":{"venue":"COINBASE"}}},{"opId":296,"ts":1751362444268,"op":"l","o":{"id":"CB-SELL-30300-befcc289-59d9-4179-8d8f-0de325480682","side":"sell","price":30300,"size":0.30000000000000004,"type":"limit","tag":{"venue":"COINBASE"}}},{"opId":297,"ts":1751362444273,"op":"l","o":{"id":"CB-BUY-29600-4d656f29-44f3-4f8a-89c6-6b0e40ff6448","side":"buy","price":29600,"size":0.4,"type":"limit","tag":{"venue":"COINBASE"}}},{"opId":298,"ts":1751362444284,"op":"l","o":{"id":"CB-SELL-30400-1ba0cb62-d2e2-4a61-ac7d-411715d9d115","side":"sell","price":30400,"size":0.4,"type":"limit","tag":{"venue":"COINBASE"}}},{"opId":299,"ts":1751362444292,"op":"l","o":{"id":"CB-BUY-29500-814fb4c5-2b74-4071-a863-fbaab2860a8c","side":"buy","price":29500,"size":0.5,"type":"limit","tag":{"venue":"COINBASE"}}},{"opId":300,"ts":1751362444305,"op":"l","o":{"id":"CB-SELL-30500-de40ae9e-d0b5-4b0f-a47c-9048a21d217f","side":"sell","price":30500,"size":0.5,"type":"limit","tag":{"venue":"COINBASE"}}},{"opId":301,"ts":1751362635656,"op":"l","o":{"id":"MOCK-BID-BTC-USDC-1-1751362635655","side":"buy","price":99900,"size":0.351102416728306,"type":"limit"}},{"opId":302,"ts":1751362635659,"op":"l","o":{"id":"MOCK-BID-BTC-USDC-2-1751362635659","side":"buy","price":99800,"size":3.773188720113787,"type":"limit"}},{"opId":303,"ts":1751362635662,"op":"l","o":{"id":"MOCK-BID-BTC-USDC-3-1751362635662","side":"buy","price":99700,"size":1.8509692381651965,"type":"limit"}},{"opId":304,"ts":1751362635665,"op":"l","o":{"id":"MOCK-BID-BTC-USDC-4-1751362635665","side":"buy","price":99600,"size":1.7335914798108465,"type":"limit"}},{"opId":305,"ts":1751362635667,"op":"l","o":{"id":"MOCK-BID-BTC-USDC-5-1751362635667","side":"buy","price":99500,"size":1.1311551364251349,"type":"limit"}},{"opId":306,"ts":1751362635672,"op":"l","o":{"id":"MOCK-BID-BTC-USDC-6-1751362635671","side":"buy","price":99400,"size":0.6951431232174664,"type":"limit"}},{"opId":307,"ts":1751362635674,"op":"l","o":{"id":"MOCK-BID-BTC-USDC-7-1751362635674","side":"buy","price":99300,"size":3.809411973533853,"type":"limit"}},{"opId":308,"ts":1751362635676,"op":"l","o":{"id":"MOCK-BID-BTC-USDC-8-1751362635676","side":"buy","price":99200,"size":4.092242477724192,"type":"limit"}},{"opId":309,"ts":1751362635679,"op":"l","o":{"id":"MOCK-BID-BTC-USDC-9-1751362635679","side":"buy","price":99100,"size":4.657843564177453,"type":"limit"}},{"opId":310,"ts":1751362635682,"op":"l","o":{"id":"MOCK-BID-BTC-USDC-10-1751362635682","side":"buy","price":99000,"size":3.868009482515158,"type":"limit"}},{"opId":311,"ts":1751362635685,"op":"l","o":{"id":"MOCK-ASK-BTC-USDC-1-1751362635685","side":"sell","price":100100,"size":4.667597956455655,"type":"limit"}},{"opId":312,"ts":1751362635688,"op":"l","o":{"id":"MOCK-ASK-BTC-USDC-2-1751362635688","side":"sell","price":100200,"size":1.5621707143352637,"type":"limit"}},{"opId":313,"ts":1751362635690,"op":"l","o":{"id":"MOCK-ASK-BTC-USDC-3-1751362635690","side":"sell","price":100300,"size":3.879678574117471,"type":"limit"}},{"opId":314,"ts":1751362635691,"op":"l","o":{"id":"MOCK-ASK-BTC-USDC-4-1751362635691","side":"sell","price":100400,"size":3.115307228156975,"type":"limit"}},{"opId":315,"ts":1751362635696,"op":"l","o":{"id":"MOCK-ASK-BTC-USDC-5-1751362635695","side":"sell","price":100500,"size":3.127923556224177,"type":"limit"}},{"opId":316,"ts":1751362635700,"op":"l","o":{"id":"MOCK-ASK-BTC-USDC-6-1751362635699","side":"sell","price":100600,"size":2.3239008190147237,"type":"limit"}},{"opId":317,"ts":1751362635701,"op":"l","o":{"id":"MOCK-ASK-BTC-USDC-7-1751362635701","side":"sell","price":100700,"size":3.4065147781038663,"type":"limit"}},{"opId":318,"ts":1751362635703,"op":"l","o":{"id":"MOCK-ASK-BTC-USDC-8-1751362635703","side":"sell","price":100800,"size":4.90889212021148,"type":"limit"}},{"opId":319,"ts":1751362635705,"op":"l","o":{"id":"MOCK-ASK-BTC-USDC-9-1751362635705","side":"sell","price":100900,"size":2.2273792991261057,"type":"limit"}},{"opId":320,"ts":1751362635707,"op":"l","o":{"id":"MOCK-ASK-BTC-USDC-10-1751362635707","side":"sell","price":101000,"size":3.4078868396256365,"type":"limit"}},{"opId":321,"ts":1751362640324,"op":"l","o":{"id":"CB-BUY-29900-cecee65d-e519-48b3-8e13-4103ae476314","side":"buy","price":29900,"size":0.1,"type":"limit","tag":{"venue":"COINBASE"}}},{"opId":322,"ts":1751362640328,"op":"l","o":{"id":"CB-SELL-30100-11ab3217-5a5b-4450-8dcb-d14c9607077e","side":"sell","price":30100,"size":0.1,"type":"limit","tag":{"venue":"COINBASE"}}},{"opId":323,"ts":1751362640332,"op":"l","o":{"id":"CB-BUY-29800-963f514e-71a4-4e12-8162-1291cec27ba6","side":"buy","price":29800,"size":0.2,"type":"limit","tag":{"venue":"COINBASE"}}},{"opId":324,"ts":1751362640343,"op":"l","o":{"id":"CB-SELL-30200-e8732df1-247f-4306-b325-3792bea535aa","side":"sell","price":30200,"size":0.2,"type":"limit","tag":{"venue":"COINBASE"}}},{"opId":325,"ts":1751362640348,"op":"l","o":{"id":"CB-BUY-29700-36d5d85a-7153-4e1d-969c-eec102aed96a","side":"buy","price":29700,"size":0.30000000000000004,"type":"limit","tag":{"venue":"COINBASE"}}},{"opId":326,"ts":1751362640355,"op":"l","o":{"id":"CB-SELL-30300-fc38c9d1-f724-4233-a4da-0582fcdf6f36","side":"sell","price":30300,"size":0.30000000000000004,"type":"limit","tag":{"venue":"COINBASE"}}},{"opId":327,"ts":1751362640361,"op":"l","o":{"id":"CB-BUY-29600-a272517e-d7d1-4013-8ecc-0413129d3258","side":"buy","price":29600,"size":0.4,"type":"limit","tag":{"venue":"COINBASE"}}},{"opId":328,"ts":1751362640376,"op":"l","o":{"id":"CB-SELL-30400-97d9f594-b1d0-4ca7-b387-7ec82b518b4c","side":"sell","price":30400,"size":0.4,"type":"limit","tag":{"venue":"COINBASE"}}},{"opId":329,"ts":1751362640383,"op":"l","o":{"id":"CB-BUY-29500-124e81da-c09f-4e7a-8108-a6b9803fabf1","side":"buy","price":29500,"size":0.5,"type":"limit","tag":{"venue":"COINBASE"}}},{"opId":330,"ts":1751362640391,"op":"l","o":{"id":"CB-SELL-30500-16d9537b-1c65-4751-a593-6990d61fc439","side":"sell","price":30500,"size":0.5,"type":"limit","tag":{"venue":"COINBASE"}}}]