[{"opId":1,"ts":1751251697515,"op":"l","o":{"id":"CB-BUY-29900-1cc1bcb9-d2d6-4133-9c37-fd98d092001a","side":"buy","price":29900,"size":0.1,"type":"limit","tag":{"venue":"COINBASE"}}},{"opId":2,"ts":1751251697517,"op":"l","o":{"id":"CB-SELL-30100-36acf24c-a803-4e2b-ab8a-cd3a26130a4e","side":"sell","price":30100,"size":0.1,"type":"limit","tag":{"venue":"COINBASE"}}},{"opId":3,"ts":1751251697519,"op":"l","o":{"id":"CB-BUY-29800-7fde6e53-0cc7-4844-b3bd-b3c06ada91e1","side":"buy","price":29800,"size":0.2,"type":"limit","tag":{"venue":"COINBASE"}}},{"opId":4,"ts":1751251697520,"op":"l","o":{"id":"CB-SELL-30200-675b959d-f9b6-42a6-8607-90b4606266b6","side":"sell","price":30200,"size":0.2,"type":"limit","tag":{"venue":"COINBASE"}}},{"opId":5,"ts":1751251697522,"op":"l","o":{"id":"CB-BUY-29700-c355b7d6-8fd3-43ee-af37-c00063360c93","side":"buy","price":29700,"size":0.30000000000000004,"type":"limit","tag":{"venue":"COINBASE"}}},{"opId":6,"ts":1751251697523,"op":"l","o":{"id":"CB-SELL-30300-75287782-d549-47e3-9f0c-885c07461ac6","side":"sell","price":30300,"size":0.30000000000000004,"type":"limit","tag":{"venue":"COINBASE"}}},{"opId":7,"ts":1751251697524,"op":"l","o":{"id":"CB-BUY-29600-22e9ea08-e851-4336-b758-cd2b18da0789","side":"buy","price":29600,"size":0.4,"type":"limit","tag":{"venue":"COINBASE"}}},{"opId":8,"ts":1751251697525,"op":"l","o":{"id":"CB-SELL-30400-882a53f1-5a67-44f4-b529-aa6e85769230","side":"sell","price":30400,"size":0.4,"type":"limit","tag":{"venue":"COINBASE"}}},{"opId":9,"ts":1751251697526,"op":"l","o":{"id":"CB-BUY-29500-54620f14-5257-43a5-ba31-887664e675b3","side":"buy","price":29500,"size":0.5,"type":"limit","tag":{"venue":"COINBASE"}}},{"opId":10,"ts":1751251697527,"op":"l","o":{"id":"CB-SELL-30500-5d519c9c-83f3-4c2d-bec6-9b64ae8ab46e","side":"sell","price":30500,"size":0.5,"type":"limit","tag":{"venue":"COINBASE"}}},{"opId":1,"ts":1751252046228,"op":"l","o":{"id":"CB-BUY-29900-ffd0ae47-159e-4905-bd57-65484734b495","side":"buy","price":29900,"size":0.1,"type":"limit","tag":{"venue":"COINBASE"}}},{"opId":2,"ts":1751252046239,"op":"l","o":{"id":"CB-SELL-30100-0778354f-b2af-47d4-b04d-11f73aa387f4","side":"sell","price":30100,"size":0.1,"type":"limit","tag":{"venue":"COINBASE"}}},{"opId":3,"ts":1751252046245,"op":"l","o":{"id":"CB-BUY-29800-4752fdf3-712e-475d-a2dd-09a78807aa09","side":"buy","price":29800,"size":0.2,"type":"limit","tag":{"venue":"COINBASE"}}},{"opId":4,"ts":1751252046248,"op":"l","o":{"id":"CB-SELL-30200-f88689db-054a-47d9-913e-4cc52d2337e6","side":"sell","price":30200,"size":0.2,"type":"limit","tag":{"venue":"COINBASE"}}},{"opId":5,"ts":1751252046251,"op":"l","o":{"id":"CB-BUY-29700-f5e0ce06-69a6-46ed-898e-866debdbcc14","side":"buy","price":29700,"size":0.30000000000000004,"type":"limit","tag":{"venue":"COINBASE"}}},{"opId":6,"ts":1751252046255,"op":"l","o":{"id":"CB-SELL-30300-572f127d-b265-4660-b90b-e19f5f048ce3","side":"sell","price":30300,"size":0.30000000000000004,"type":"limit","tag":{"venue":"COINBASE"}}},{"opId":7,"ts":1751252046262,"op":"l","o":{"id":"CB-BUY-29600-2e5dcc06-dbad-4e7b-8d62-6e6e9fe4da07","side":"buy","price":29600,"size":0.4,"type":"limit","tag":{"venue":"COINBASE"}}},{"opId":8,"ts":1751252046283,"op":"l","o":{"id":"CB-SELL-30400-41b8c165-9428-4196-ba76-2352d62c0f13","side":"sell","price":30400,"size":0.4,"type":"limit","tag":{"venue":"COINBASE"}}},{"opId":9,"ts":1751252046290,"op":"l","o":{"id":"CB-BUY-29500-3c077229-b85e-4a05-9ba0-05202e5899be","side":"buy","price":29500,"size":0.5,"type":"limit","tag":{"venue":"COINBASE"}}},{"opId":10,"ts":1751252046301,"op":"l","o":{"id":"CB-SELL-30500-1b0772f6-3c3c-4931-bd35-e52b613eb925","side":"sell","price":30500,"size":0.5,"type":"limit","tag":{"venue":"COINBASE"}}},{"opId":1,"ts":1751253279736,"op":"l","o":{"id":"CB-BUY-29900-690109b4-17a6-493e-a40f-5cd42a40e0d2","side":"buy","price":29900,"size":0.1,"type":"limit","tag":{"venue":"COINBASE"}}},{"opId":2,"ts":1751253279810,"op":"l","o":{"id":"CB-SELL-30100-b65a2df1-4573-4b58-beca-d3cde33eb674","side":"sell","price":30100,"size":0.1,"type":"limit","tag":{"venue":"COINBASE"}}},{"opId":3,"ts":1751253279813,"op":"l","o":{"id":"CB-BUY-29800-133280e8-68d3-4782-a55b-507407e96184","side":"buy","price":29800,"size":0.2,"type":"limit","tag":{"venue":"COINBASE"}}},{"opId":4,"ts":1751253279815,"op":"l","o":{"id":"CB-SELL-30200-cdaa7180-0633-4f6c-8ea3-68277ea64603","side":"sell","price":30200,"size":0.2,"type":"limit","tag":{"venue":"COINBASE"}}},{"opId":5,"ts":1751253279818,"op":"l","o":{"id":"CB-BUY-29700-e97a5b22-87b2-4d3f-bba5-52af475aaece","side":"buy","price":29700,"size":0.30000000000000004,"type":"limit","tag":{"venue":"COINBASE"}}},{"opId":6,"ts":1751253279821,"op":"l","o":{"id":"CB-SELL-30300-5f049342-b4f3-4d78-af26-2cbd7a2b3036","side":"sell","price":30300,"size":0.30000000000000004,"type":"limit","tag":{"venue":"COINBASE"}}},{"opId":7,"ts":1751253279824,"op":"l","o":{"id":"CB-BUY-29600-2c0a5587-736e-4178-90e6-fe3895e897a3","side":"buy","price":29600,"size":0.4,"type":"limit","tag":{"venue":"COINBASE"}}},{"opId":8,"ts":1751253279827,"op":"l","o":{"id":"CB-SELL-30400-d444aa83-7284-46d2-a869-a338b1c0e2c3","side":"sell","price":30400,"size":0.4,"type":"limit","tag":{"venue":"COINBASE"}}},{"opId":9,"ts":1751253279830,"op":"l","o":{"id":"CB-BUY-29500-f689d96b-f8b0-4c36-8f6d-bbf745cc019c","side":"buy","price":29500,"size":0.5,"type":"limit","tag":{"venue":"COINBASE"}}},{"opId":10,"ts":1751253279833,"op":"l","o":{"id":"CB-SELL-30500-e7ce03d5-e378-4fae-ae83-c3c412de0ad2","side":"sell","price":30500,"size":0.5,"type":"limit","tag":{"venue":"COINBASE"}}},{"opId":1,"ts":1751253495114,"op":"l","o":{"id":"CB-BUY-29900-12a9a980-22a7-460e-8f27-f96be9b413f8","side":"buy","price":29900,"size":0.1,"type":"limit","tag":{"venue":"COINBASE"}}},{"opId":2,"ts":1751253495118,"op":"l","o":{"id":"CB-SELL-30100-a79a2aaa-b9b0-45ce-8d57-1dac194d7081","side":"sell","price":30100,"size":0.1,"type":"limit","tag":{"venue":"COINBASE"}}},{"opId":3,"ts":1751253495119,"op":"l","o":{"id":"CB-BUY-29800-cb85ea72-a3cb-4ab3-9859-0e79cb87453d","side":"buy","price":29800,"size":0.2,"type":"limit","tag":{"venue":"COINBASE"}}},{"opId":4,"ts":1751253495120,"op":"l","o":{"id":"CB-SELL-30200-53a86446-02c9-4ca2-9b1e-14bef637c4de","side":"sell","price":30200,"size":0.2,"type":"limit","tag":{"venue":"COINBASE"}}},{"opId":5,"ts":1751253495121,"op":"l","o":{"id":"CB-BUY-29700-23623c54-3043-4674-80c5-735fe5001049","side":"buy","price":29700,"size":0.30000000000000004,"type":"limit","tag":{"venue":"COINBASE"}}},{"opId":6,"ts":1751253495123,"op":"l","o":{"id":"CB-SELL-30300-6827732c-ce46-40ec-9534-84bf9803a92a","side":"sell","price":30300,"size":0.30000000000000004,"type":"limit","tag":{"venue":"COINBASE"}}},{"opId":7,"ts":1751253495124,"op":"l","o":{"id":"CB-BUY-29600-c215a376-ef6a-49ed-a7e6-50f5ae9af348","side":"buy","price":29600,"size":0.4,"type":"limit","tag":{"venue":"COINBASE"}}},{"opId":8,"ts":1751253495125,"op":"l","o":{"id":"CB-SELL-30400-880a50b4-5120-4193-a7d0-54c4a21b0a4c","side":"sell","price":30400,"size":0.4,"type":"limit","tag":{"venue":"COINBASE"}}},{"opId":9,"ts":1751253495126,"op":"l","o":{"id":"CB-BUY-29500-d6580ca8-db52-406d-a5d7-611b158bccf0","side":"buy","price":29500,"size":0.5,"type":"limit","tag":{"venue":"COINBASE"}}},{"opId":10,"ts":1751253495128,"op":"l","o":{"id":"CB-SELL-30500-f5f0de53-e5a8-4d12-a4c3-3df4f08da382","side":"sell","price":30500,"size":0.5,"type":"limit","tag":{"venue":"COINBASE"}}},{"opId":1,"ts":1751253737628,"op":"l","o":{"id":"CB-BUY-29900-5cfa421b-2bf3-4775-86a0-0bd70635e184","side":"buy","price":29900,"size":0.1,"type":"limit","tag":{"venue":"COINBASE"}}},{"opId":2,"ts":1751253737633,"op":"l","o":{"id":"CB-SELL-30100-9b31b8b0-a46d-4ea8-9e60-1808072a3090","side":"sell","price":30100,"size":0.1,"type":"limit","tag":{"venue":"COINBASE"}}},{"opId":3,"ts":1751253737635,"op":"l","o":{"id":"CB-BUY-29800-8b62b4ed-e894-4e58-a9fa-89ef7b591cfc","side":"buy","price":29800,"size":0.2,"type":"limit","tag":{"venue":"COINBASE"}}},{"opId":4,"ts":1751253737638,"op":"l","o":{"id":"CB-SELL-30200-5bb2f8c1-6ecf-4fff-8236-19c18748d9d0","side":"sell","price":30200,"size":0.2,"type":"limit","tag":{"venue":"COINBASE"}}},{"opId":5,"ts":1751253737640,"op":"l","o":{"id":"CB-BUY-29700-bf6aa941-f642-48bd-aaa6-dcb19c1f7aad","side":"buy","price":29700,"size":0.30000000000000004,"type":"limit","tag":{"venue":"COINBASE"}}},{"opId":6,"ts":1751253737642,"op":"l","o":{"id":"CB-SELL-30300-4906cc6c-c5f7-442e-ad66-783c53be79b1","side":"sell","price":30300,"size":0.30000000000000004,"type":"limit","tag":{"venue":"COINBASE"}}},{"opId":7,"ts":1751253737645,"op":"l","o":{"id":"CB-BUY-29600-4164f3fb-9cab-462b-b305-d43cbb7df84b","side":"buy","price":29600,"size":0.4,"type":"limit","tag":{"venue":"COINBASE"}}},{"opId":8,"ts":1751253737647,"op":"l","o":{"id":"CB-SELL-30400-6753f9ba-0384-4b11-8b85-61ec3141e359","side":"sell","price":30400,"size":0.4,"type":"limit","tag":{"venue":"COINBASE"}}},{"opId":9,"ts":1751253737649,"op":"l","o":{"id":"CB-BUY-29500-c56dd4f3-02b9-455b-959f-d37c79fde06d","side":"buy","price":29500,"size":0.5,"type":"limit","tag":{"venue":"COINBASE"}}},{"opId":10,"ts":1751253737652,"op":"l","o":{"id":"CB-SELL-30500-a68fde28-23eb-45a6-b824-90621b27b502","side":"sell","price":30500,"size":0.5,"type":"limit","tag":{"venue":"COINBASE"}}},{"opId":1,"ts":1751253768549,"op":"l","o":{"id":"CB-BUY-29900-c2deff7d-7019-452e-836e-70bef88672c8","side":"buy","price":29900,"size":0.1,"type":"limit","tag":{"venue":"COINBASE"}}},{"opId":2,"ts":1751253768552,"op":"l","o":{"id":"CB-SELL-30100-b934528c-9f6b-436f-8686-583cf1ce1cc1","side":"sell","price":30100,"size":0.1,"type":"limit","tag":{"venue":"COINBASE"}}},{"opId":3,"ts":1751253768554,"op":"l","o":{"id":"CB-BUY-29800-d157abd4-0990-467a-b20f-4734bee43005","side":"buy","price":29800,"size":0.2,"type":"limit","tag":{"venue":"COINBASE"}}},{"opId":4,"ts":1751253768558,"op":"l","o":{"id":"CB-SELL-30200-7aebb311-2367-4024-bc88-ec78c3d5839c","side":"sell","price":30200,"size":0.2,"type":"limit","tag":{"venue":"COINBASE"}}},{"opId":5,"ts":1751253768563,"op":"l","o":{"id":"CB-BUY-29700-9cf6b7bc-a4f5-4ea3-8941-6bb2160fc13e","side":"buy","price":29700,"size":0.30000000000000004,"type":"limit","tag":{"venue":"COINBASE"}}},{"opId":6,"ts":1751253768567,"op":"l","o":{"id":"CB-SELL-30300-05c6d7a1-3664-4b5e-8969-7ac9ceac7106","side":"sell","price":30300,"size":0.30000000000000004,"type":"limit","tag":{"venue":"COINBASE"}}},{"opId":7,"ts":1751253768569,"op":"l","o":{"id":"CB-BUY-29600-acef32c5-ac71-4ea8-9f69-0ab8c8bccfae","side":"buy","price":29600,"size":0.4,"type":"limit","tag":{"venue":"COINBASE"}}},{"opId":8,"ts":1751253768572,"op":"l","o":{"id":"CB-SELL-30400-44ad027c-68b5-41f7-88d7-a86e691121f3","side":"sell","price":30400,"size":0.4,"type":"limit","tag":{"venue":"COINBASE"}}},{"opId":9,"ts":1751253768575,"op":"l","o":{"id":"CB-BUY-29500-b93c1a3e-794a-4832-8131-b1da41840f2f","side":"buy","price":29500,"size":0.5,"type":"limit","tag":{"venue":"COINBASE"}}},{"opId":10,"ts":1751253768578,"op":"l","o":{"id":"CB-SELL-30500-5d7851ae-7a4d-479c-a49c-d4e6bdae5c12","side":"sell","price":30500,"size":0.5,"type":"limit","tag":{"venue":"COINBASE"}}},{"opId":1,"ts":1751253791845,"op":"l","o":{"id":"CB-BUY-29900-eff7bfac-0c62-4c10-b79f-9aa06e799dd8","side":"buy","price":29900,"size":0.1,"type":"limit","tag":{"venue":"COINBASE"}}},{"opId":2,"ts":1751253791855,"op":"l","o":{"id":"CB-SELL-30100-a624b14c-23b2-4af6-bd51-b6c8811453ce","side":"sell","price":30100,"size":0.1,"type":"limit","tag":{"venue":"COINBASE"}}},{"opId":3,"ts":1751253791857,"op":"l","o":{"id":"CB-BUY-29800-62b26fa5-414c-49ca-bf60-34bf477231ea","side":"buy","price":29800,"size":0.2,"type":"limit","tag":{"venue":"COINBASE"}}},{"opId":4,"ts":1751253791860,"op":"l","o":{"id":"CB-SELL-30200-204ac800-f32e-4e1e-ae7b-18259e43b700","side":"sell","price":30200,"size":0.2,"type":"limit","tag":{"venue":"COINBASE"}}},{"opId":5,"ts":1751253791866,"op":"l","o":{"id":"CB-BUY-29700-16a2b2f7-b12c-4363-828d-9e6c76931ad5","side":"buy","price":29700,"size":0.30000000000000004,"type":"limit","tag":{"venue":"COINBASE"}}},{"opId":6,"ts":1751253791868,"op":"l","o":{"id":"CB-SELL-30300-171cea7d-9a60-41c2-8f2e-12ab47563357","side":"sell","price":30300,"size":0.30000000000000004,"type":"limit","tag":{"venue":"COINBASE"}}},{"opId":7,"ts":1751253791869,"op":"l","o":{"id":"CB-BUY-29600-6c5b5e3f-6145-45f3-b3a4-7f0f3e1d6e84","side":"buy","price":29600,"size":0.4,"type":"limit","tag":{"venue":"COINBASE"}}},{"opId":8,"ts":1751253791871,"op":"l","o":{"id":"CB-SELL-30400-440eec97-bf41-4366-925c-937b72df1794","side":"sell","price":30400,"size":0.4,"type":"limit","tag":{"venue":"COINBASE"}}},{"opId":9,"ts":1751253791872,"op":"l","o":{"id":"CB-BUY-29500-64bc38e5-e80d-4208-9fc9-5db69c172906","side":"buy","price":29500,"size":0.5,"type":"limit","tag":{"venue":"COINBASE"}}},{"opId":10,"ts":1751253791874,"op":"l","o":{"id":"CB-SELL-30500-d0910712-1891-47f0-b82d-3b0004156a0f","side":"sell","price":30500,"size":0.5,"type":"limit","tag":{"venue":"COINBASE"}}},{"opId":1,"ts":1751254511644,"op":"l","o":{"id":"CB-BUY-29900-86ab52c6-430e-4610-94fb-9472c6b4f5ef","side":"buy","price":29900,"size":0.1,"type":"limit","tag":{"venue":"COINBASE"}}},{"opId":2,"ts":1751254511647,"op":"l","o":{"id":"CB-SELL-30100-6c44f55b-c45b-400b-bd46-c0ba386d36ca","side":"sell","price":30100,"size":0.1,"type":"limit","tag":{"venue":"COINBASE"}}},{"opId":3,"ts":1751254511649,"op":"l","o":{"id":"CB-BUY-29800-e3db2f5b-a1bb-4f4f-923c-d738280fbc1e","side":"buy","price":29800,"size":0.2,"type":"limit","tag":{"venue":"COINBASE"}}},{"opId":4,"ts":1751254511651,"op":"l","o":{"id":"CB-SELL-30200-2e2886be-0bd0-4378-9f9d-d086d884d7a0","side":"sell","price":30200,"size":0.2,"type":"limit","tag":{"venue":"COINBASE"}}},{"opId":5,"ts":1751254511653,"op":"l","o":{"id":"CB-BUY-29700-968fce8b-193c-4942-860f-70015b31cade","side":"buy","price":29700,"size":0.30000000000000004,"type":"limit","tag":{"venue":"COINBASE"}}},{"opId":6,"ts":1751254511655,"op":"l","o":{"id":"CB-SELL-30300-df963411-111a-4b45-832c-18b96fea75ca","side":"sell","price":30300,"size":0.30000000000000004,"type":"limit","tag":{"venue":"COINBASE"}}},{"opId":7,"ts":1751254511657,"op":"l","o":{"id":"CB-BUY-29600-8fbd5a38-33c6-4c8b-9c64-607d2a085c64","side":"buy","price":29600,"size":0.4,"type":"limit","tag":{"venue":"COINBASE"}}},{"opId":8,"ts":1751254511660,"op":"l","o":{"id":"CB-SELL-30400-0d238ab4-5626-4e02-9a30-0dfba996e4ff","side":"sell","price":30400,"size":0.4,"type":"limit","tag":{"venue":"COINBASE"}}},{"opId":9,"ts":1751254511666,"op":"l","o":{"id":"CB-BUY-29500-9b424198-362e-472b-9546-f76a3170acd6","side":"buy","price":29500,"size":0.5,"type":"limit","tag":{"venue":"COINBASE"}}},{"opId":10,"ts":1751254511671,"op":"l","o":{"id":"CB-SELL-30500-1bf94970-a11f-4f42-b616-d98fce5bfabb","side":"sell","price":30500,"size":0.5,"type":"limit","tag":{"venue":"COINBASE"}}}]