[{"opId":1,"ts":1751256025900,"op":"l","o":{"id":"MOCK-BID-DOGE-USDC-1-1751256025900","side":"buy","price":0.34964999999999996,"size":1.296090027042559,"type":"limit"}},{"opId":2,"ts":1751256025902,"op":"l","o":{"id":"MOCK-BID-DOGE-USDC-2-1751256025901","side":"buy","price":0.3493,"size":4.05330272314495,"type":"limit"}},{"opId":3,"ts":1751256025903,"op":"l","o":{"id":"MOCK-BID-DOGE-USDC-3-1751256025903","side":"buy","price":0.34895,"size":3.711914105092126,"type":"limit"}},{"opId":4,"ts":1751256025904,"op":"l","o":{"id":"MOCK-BID-DOGE-USDC-4-1751256025904","side":"buy","price":0.34859999999999997,"size":1.8549575384692807,"type":"limit"}},{"opId":5,"ts":1751256025907,"op":"l","o":{"id":"MOCK-BID-DOGE-USDC-5-1751256025906","side":"buy","price":0.34825,"size":4.672756914851848,"type":"limit"}},{"opId":6,"ts":1751256025909,"op":"l","o":{"id":"MOCK-BID-DOGE-USDC-6-1751256025909","side":"buy","price":0.3479,"size":1.1440492972890237,"type":"limit"}},{"opId":7,"ts":1751256025910,"op":"l","o":{"id":"MOCK-BID-DOGE-USDC-7-1751256025910","side":"buy","price":0.34754999999999997,"size":3.6658344109009278,"type":"limit"}},{"opId":8,"ts":1751256025911,"op":"l","o":{"id":"MOCK-BID-DOGE-USDC-8-1751256025911","side":"buy","price":0.34719999999999995,"size":0.8717094672645552,"type":"limit"}},{"opId":9,"ts":1751256025913,"op":"l","o":{"id":"MOCK-BID-DOGE-USDC-9-1751256025913","side":"buy","price":0.34685,"size":4.532158144168737,"type":"limit"}},{"opId":10,"ts":1751256025914,"op":"l","o":{"id":"MOCK-BID-DOGE-USDC-10-1751256025914","side":"buy","price":0.3465,"size":2.0374386369404704,"type":"limit"}},{"opId":11,"ts":1751256025915,"op":"l","o":{"id":"MOCK-ASK-DOGE-USDC-1-1751256025915","side":"sell","price":0.35035,"size":1.092623984471316,"type":"limit"}},{"opId":12,"ts":1751256025916,"op":"l","o":{"id":"MOCK-ASK-DOGE-USDC-2-1751256025916","side":"sell","price":0.35069999999999996,"size":2.79122889304247,"type":"limit"}},{"opId":13,"ts":1751256025917,"op":"l","o":{"id":"MOCK-ASK-DOGE-USDC-3-1751256025917","side":"sell","price":0.35105,"size":1.344778345891804,"type":"limit"}},{"opId":14,"ts":1751256025918,"op":"l","o":{"id":"MOCK-ASK-DOGE-USDC-4-1751256025918","side":"sell","price":0.3514,"size":4.144542595266217,"type":"limit"}},{"opId":15,"ts":1751256025923,"op":"l","o":{"id":"MOCK-ASK-DOGE-USDC-5-1751256025922","side":"sell","price":0.35174999999999995,"size":1.5601920415254067,"type":"limit"}},{"opId":16,"ts":1751256025924,"op":"l","o":{"id":"MOCK-ASK-DOGE-USDC-6-1751256025924","side":"sell","price":0.35209999999999997,"size":2.224559825905502,"type":"limit"}},{"opId":17,"ts":1751256025925,"op":"l","o":{"id":"MOCK-ASK-DOGE-USDC-7-1751256025925","side":"sell","price":0.35245,"size":1.9710657809468957,"type":"limit"}},{"opId":18,"ts":1751256025926,"op":"l","o":{"id":"MOCK-ASK-DOGE-USDC-8-1751256025926","side":"sell","price":0.3528,"size":0.2965756553908715,"type":"limit"}},{"opId":19,"ts":1751256025927,"op":"l","o":{"id":"MOCK-ASK-DOGE-USDC-9-1751256025927","side":"sell","price":0.35314999999999996,"size":4.676474278110575,"type":"limit"}},{"opId":20,"ts":1751256025928,"op":"l","o":{"id":"MOCK-ASK-DOGE-USDC-10-1751256025928","side":"sell","price":0.3535,"size":1.3695572554404434,"type":"limit"}},{"opId":21,"ts":1751256054024,"op":"l","o":{"id":"MOCK-BID-DOGE-USDC-1-1751256054023","side":"buy","price":0.34964999999999996,"size":4.351656471114878,"type":"limit"}},{"opId":22,"ts":1751256054026,"op":"l","o":{"id":"MOCK-BID-DOGE-USDC-2-1751256054026","side":"buy","price":0.3493,"size":2.803998091214234,"type":"limit"}},{"opId":23,"ts":1751256054030,"op":"l","o":{"id":"MOCK-BID-DOGE-USDC-3-1751256054030","side":"buy","price":0.34895,"size":5.025218634211225,"type":"limit"}},{"opId":24,"ts":1751256054033,"op":"l","o":{"id":"MOCK-BID-DOGE-USDC-4-1751256054033","side":"buy","price":0.34859999999999997,"size":0.3053543851951178,"type":"limit"}},{"opId":25,"ts":1751256054034,"op":"l","o":{"id":"MOCK-BID-DOGE-USDC-5-1751256054034","side":"buy","price":0.34825,"size":3.1069305386457624,"type":"limit"}},{"opId":26,"ts":1751256054035,"op":"l","o":{"id":"MOCK-BID-DOGE-USDC-6-1751256054035","side":"buy","price":0.3479,"size":3.995951895695966,"type":"limit"}},{"opId":27,"ts":1751256054037,"op":"l","o":{"id":"MOCK-BID-DOGE-USDC-7-1751256054037","side":"buy","price":0.34754999999999997,"size":4.920676837960383,"type":"limit"}},{"opId":28,"ts":1751256054039,"op":"l","o":{"id":"MOCK-BID-DOGE-USDC-8-1751256054039","side":"buy","price":0.34719999999999995,"size":0.7636679552535018,"type":"limit"}},{"opId":29,"ts":1751256054040,"op":"l","o":{"id":"MOCK-BID-DOGE-USDC-9-1751256054040","side":"buy","price":0.34685,"size":4.202696788376749,"type":"limit"}},{"opId":30,"ts":1751256054042,"op":"l","o":{"id":"MOCK-BID-DOGE-USDC-10-1751256054042","side":"buy","price":0.3465,"size":2.308383388113293,"type":"limit"}},{"opId":31,"ts":1751256054046,"op":"l","o":{"id":"MOCK-ASK-DOGE-USDC-1-1751256054045","side":"sell","price":0.35035,"size":4.896628557463982,"type":"limit"}},{"opId":32,"ts":1751256054049,"op":"l","o":{"id":"MOCK-ASK-DOGE-USDC-2-1751256054049","side":"sell","price":0.35069999999999996,"size":0.7408099184828797,"type":"limit"}},{"opId":33,"ts":1751256054051,"op":"l","o":{"id":"MOCK-ASK-DOGE-USDC-3-1751256054050","side":"sell","price":0.35105,"size":2.9175969540804068,"type":"limit"}},{"opId":34,"ts":1751256054052,"op":"l","o":{"id":"MOCK-ASK-DOGE-USDC-4-1751256054052","side":"sell","price":0.3514,"size":1.015108095716114,"type":"limit"}},{"opId":35,"ts":1751256054053,"op":"l","o":{"id":"MOCK-ASK-DOGE-USDC-5-1751256054053","side":"sell","price":0.35174999999999995,"size":1.8729430747408948,"type":"limit"}},{"opId":36,"ts":1751256054054,"op":"l","o":{"id":"MOCK-ASK-DOGE-USDC-6-1751256054054","side":"sell","price":0.35209999999999997,"size":1.7908038466987797,"type":"limit"}},{"opId":37,"ts":1751256054055,"op":"l","o":{"id":"MOCK-ASK-DOGE-USDC-7-1751256054055","side":"sell","price":0.35245,"size":0.8743377516683081,"type":"limit"}},{"opId":38,"ts":1751256054058,"op":"l","o":{"id":"MOCK-ASK-DOGE-USDC-8-1751256054057","side":"sell","price":0.3528,"size":4.443547037200034,"type":"limit"}},{"opId":39,"ts":1751256054062,"op":"l","o":{"id":"MOCK-ASK-DOGE-USDC-9-1751256054061","side":"sell","price":0.35314999999999996,"size":2.2696058447180256,"type":"limit"}},{"opId":40,"ts":1751256054066,"op":"l","o":{"id":"MOCK-ASK-DOGE-USDC-10-1751256054066","side":"sell","price":0.3535,"size":2.231047165991028,"type":"limit"}},{"opId":41,"ts":1751256543283,"op":"l","o":{"id":"MOCK-BID-DOGE-USDC-1-1751256543283","side":"buy","price":0.34964999999999996,"size":3.7163351621574625,"type":"limit"}},{"opId":42,"ts":1751256543289,"op":"l","o":{"id":"MOCK-BID-DOGE-USDC-2-1751256543289","side":"buy","price":0.3493,"size":4.842187221473623,"type":"limit"}},{"opId":43,"ts":1751256543292,"op":"l","o":{"id":"MOCK-BID-DOGE-USDC-3-1751256543291","side":"buy","price":0.34895,"size":1.949086334193011,"type":"limit"}},{"opId":44,"ts":1751256543296,"op":"l","o":{"id":"MOCK-BID-DOGE-USDC-4-1751256543296","side":"buy","price":0.34859999999999997,"size":3.545325559062834,"type":"limit"}},{"opId":45,"ts":1751256543300,"op":"l","o":{"id":"MOCK-BID-DOGE-USDC-5-1751256543300","side":"buy","price":0.34825,"size":2.8734069664028983,"type":"limit"}},{"opId":46,"ts":1751256543302,"op":"l","o":{"id":"MOCK-BID-DOGE-USDC-6-1751256543302","side":"buy","price":0.3479,"size":1.5266060934074255,"type":"limit"}},{"opId":47,"ts":1751256543303,"op":"l","o":{"id":"MOCK-BID-DOGE-USDC-7-1751256543303","side":"buy","price":0.34754999999999997,"size":0.3631972952526862,"type":"limit"}},{"opId":48,"ts":1751256543305,"op":"l","o":{"id":"MOCK-BID-DOGE-USDC-8-1751256543305","side":"buy","price":0.34719999999999995,"size":4.028596706462492,"type":"limit"}},{"opId":49,"ts":1751256543307,"op":"l","o":{"id":"MOCK-BID-DOGE-USDC-9-1751256543307","side":"buy","price":0.34685,"size":1.1385149378387638,"type":"limit"}},{"opId":50,"ts":1751256543309,"op":"l","o":{"id":"MOCK-BID-DOGE-USDC-10-1751256543309","side":"buy","price":0.3465,"size":4.052954538223942,"type":"limit"}},{"opId":51,"ts":1751256543311,"op":"l","o":{"id":"MOCK-ASK-DOGE-USDC-1-1751256543311","side":"sell","price":0.35035,"size":3.5676273510803846,"type":"limit"}},{"opId":52,"ts":1751256543314,"op":"l","o":{"id":"MOCK-ASK-DOGE-USDC-2-1751256543314","side":"sell","price":0.35069999999999996,"size":2.675638276044389,"type":"limit"}},{"opId":53,"ts":1751256543316,"op":"l","o":{"id":"MOCK-ASK-DOGE-USDC-3-1751256543316","side":"sell","price":0.35105,"size":3.4371952747332513,"type":"limit"}},{"opId":54,"ts":1751256543318,"op":"l","o":{"id":"MOCK-ASK-DOGE-USDC-4-1751256543318","side":"sell","price":0.3514,"size":0.4533024971416443,"type":"limit"}},{"opId":55,"ts":1751256543320,"op":"l","o":{"id":"MOCK-ASK-DOGE-USDC-5-1751256543320","side":"sell","price":0.35174999999999995,"size":3.294783393641425,"type":"limit"}},{"opId":56,"ts":1751256543326,"op":"l","o":{"id":"MOCK-ASK-DOGE-USDC-6-1751256543326","side":"sell","price":0.35209999999999997,"size":2.871646521111777,"type":"limit"}},{"opId":57,"ts":1751256543329,"op":"l","o":{"id":"MOCK-ASK-DOGE-USDC-7-1751256543329","side":"sell","price":0.35245,"size":0.12681385526838054,"type":"limit"}},{"opId":58,"ts":1751256543332,"op":"l","o":{"id":"MOCK-ASK-DOGE-USDC-8-1751256543332","side":"sell","price":0.3528,"size":3.7403037394258343,"type":"limit"}},{"opId":59,"ts":1751256543334,"op":"l","o":{"id":"MOCK-ASK-DOGE-USDC-9-1751256543334","side":"sell","price":0.35314999999999996,"size":2.870992645263771,"type":"limit"}},{"opId":60,"ts":1751256543340,"op":"l","o":{"id":"MOCK-ASK-DOGE-USDC-10-1751256543340","side":"sell","price":0.3535,"size":4.123625836122449,"type":"limit"}},{"opId":61,"ts":1751256930567,"op":"l","o":{"id":"MOCK-BID-DOGE-USDC-1-1751256930567","side":"buy","price":0.34964999999999996,"size":3.2763486340910175,"type":"limit"}},{"opId":62,"ts":1751256930569,"op":"l","o":{"id":"MOCK-BID-DOGE-USDC-2-1751256930569","side":"buy","price":0.3493,"size":1.248521675553207,"type":"limit"}},{"opId":63,"ts":1751256930572,"op":"l","o":{"id":"MOCK-BID-DOGE-USDC-3-1751256930571","side":"buy","price":0.34895,"size":1.1075400303562255,"type":"limit"}},{"opId":64,"ts":1751256930574,"op":"l","o":{"id":"MOCK-BID-DOGE-USDC-4-1751256930574","side":"buy","price":0.34859999999999997,"size":3.0784134429547003,"type":"limit"}},{"opId":65,"ts":1751256930577,"op":"l","o":{"id":"MOCK-BID-DOGE-USDC-5-1751256930577","side":"buy","price":0.34825,"size":3.652617643587446,"type":"limit"}},{"opId":66,"ts":1751256930582,"op":"l","o":{"id":"MOCK-BID-DOGE-USDC-6-1751256930582","side":"buy","price":0.3479,"size":2.3247044187925514,"type":"limit"}},{"opId":67,"ts":1751256930586,"op":"l","o":{"id":"MOCK-BID-DOGE-USDC-7-1751256930586","side":"buy","price":0.34754999999999997,"size":1.3872359294405179,"type":"limit"}},{"opId":68,"ts":1751256930589,"op":"l","o":{"id":"MOCK-BID-DOGE-USDC-8-1751256930589","side":"buy","price":0.34719999999999995,"size":1.4960656324815313,"type":"limit"}},{"opId":69,"ts":1751256930591,"op":"l","o":{"id":"MOCK-BID-DOGE-USDC-9-1751256930591","side":"buy","price":0.34685,"size":4.693970732863446,"type":"limit"}},{"opId":70,"ts":1751256930597,"op":"l","o":{"id":"MOCK-BID-DOGE-USDC-10-1751256930597","side":"buy","price":0.3465,"size":2.729156808399155,"type":"limit"}},{"opId":71,"ts":1751256930602,"op":"l","o":{"id":"MOCK-ASK-DOGE-USDC-1-1751256930602","side":"sell","price":0.35035,"size":3.7957149593466046,"type":"limit"}},{"opId":72,"ts":1751256930604,"op":"l","o":{"id":"MOCK-ASK-DOGE-USDC-2-1751256930604","side":"sell","price":0.35069999999999996,"size":1.4993504550407089,"type":"limit"}},{"opId":73,"ts":1751256930606,"op":"l","o":{"id":"MOCK-ASK-DOGE-USDC-3-1751256930606","side":"sell","price":0.35105,"size":0.8000767282954601,"type":"limit"}},{"opId":74,"ts":1751256930608,"op":"l","o":{"id":"MOCK-ASK-DOGE-USDC-4-1751256930608","side":"sell","price":0.3514,"size":1.7985888465759692,"type":"limit"}},{"opId":75,"ts":1751256930610,"op":"l","o":{"id":"MOCK-ASK-DOGE-USDC-5-1751256930610","side":"sell","price":0.35174999999999995,"size":4.235638863237222,"type":"limit"}},{"opId":76,"ts":1751256930615,"op":"l","o":{"id":"MOCK-ASK-DOGE-USDC-6-1751256930615","side":"sell","price":0.35209999999999997,"size":2.6729650421001683,"type":"limit"}},{"opId":77,"ts":1751256930618,"op":"l","o":{"id":"MOCK-ASK-DOGE-USDC-7-1751256930618","side":"sell","price":0.35245,"size":5.081130769106067,"type":"limit"}},{"opId":78,"ts":1751256930620,"op":"l","o":{"id":"MOCK-ASK-DOGE-USDC-8-1751256930620","side":"sell","price":0.3528,"size":1.2781634411329978,"type":"limit"}},{"opId":79,"ts":1751256930622,"op":"l","o":{"id":"MOCK-ASK-DOGE-USDC-9-1751256930621","side":"sell","price":0.35314999999999996,"size":1.3949505473766532,"type":"limit"}},{"opId":80,"ts":1751256930623,"op":"l","o":{"id":"MOCK-ASK-DOGE-USDC-10-1751256930623","side":"sell","price":0.3535,"size":0.6764439041097924,"type":"limit"}},{"opId":81,"ts":1751350791807,"op":"l","o":{"id":"MOCK-BID-DOGE-USDC-1-1751350791807","side":"buy","price":0.34964999999999996,"size":3.312295767772818,"type":"limit"}},{"opId":82,"ts":1751350791809,"op":"l","o":{"id":"MOCK-BID-DOGE-USDC-2-1751350791809","side":"buy","price":0.3493,"size":1.390589336124337,"type":"limit"}},{"opId":83,"ts":1751350791811,"op":"l","o":{"id":"MOCK-BID-DOGE-USDC-3-1751350791811","side":"buy","price":0.34895,"size":4.240656707860782,"type":"limit"}},{"opId":84,"ts":1751350791814,"op":"l","o":{"id":"MOCK-BID-DOGE-USDC-4-1751350791814","side":"buy","price":0.34859999999999997,"size":2.866389911335038,"type":"limit"}},{"opId":85,"ts":1751350791816,"op":"l","o":{"id":"MOCK-BID-DOGE-USDC-5-1751350791816","side":"buy","price":0.34825,"size":4.87437917157122,"type":"limit"}},{"opId":86,"ts":1751350791818,"op":"l","o":{"id":"MOCK-BID-DOGE-USDC-6-1751350791818","side":"buy","price":0.3479,"size":4.816454761924353,"type":"limit"}},{"opId":87,"ts":1751350791820,"op":"l","o":{"id":"MOCK-BID-DOGE-USDC-7-1751350791820","side":"buy","price":0.34754999999999997,"size":2.36068881971928,"type":"limit"}},{"opId":88,"ts":1751350791821,"op":"l","o":{"id":"MOCK-BID-DOGE-USDC-8-1751350791821","side":"buy","price":0.34719999999999995,"size":0.8393250780200877,"type":"limit"}},{"opId":89,"ts":1751350791822,"op":"l","o":{"id":"MOCK-BID-DOGE-USDC-9-1751350791822","side":"buy","price":0.34685,"size":4.783586195257586,"type":"limit"}},{"opId":90,"ts":1751350791823,"op":"l","o":{"id":"MOCK-BID-DOGE-USDC-10-1751350791823","side":"buy","price":0.3465,"size":1.9391338462177532,"type":"limit"}},{"opId":91,"ts":1751350791825,"op":"l","o":{"id":"MOCK-ASK-DOGE-USDC-1-1751350791825","side":"sell","price":0.35035,"size":3.2109793080868854,"type":"limit"}},{"opId":92,"ts":1751350791827,"op":"l","o":{"id":"MOCK-ASK-DOGE-USDC-2-1751350791826","side":"sell","price":0.35069999999999996,"size":3.6137930198676416,"type":"limit"}},{"opId":93,"ts":1751350791829,"op":"l","o":{"id":"MOCK-ASK-DOGE-USDC-3-1751350791829","side":"sell","price":0.35105,"size":0.6002714442068401,"type":"limit"}},{"opId":94,"ts":1751350791830,"op":"l","o":{"id":"MOCK-ASK-DOGE-USDC-4-1751350791830","side":"sell","price":0.3514,"size":3.3840687091670762,"type":"limit"}},{"opId":95,"ts":1751350791833,"op":"l","o":{"id":"MOCK-ASK-DOGE-USDC-5-1751350791833","side":"sell","price":0.35174999999999995,"size":1.7258578806441671,"type":"limit"}},{"opId":96,"ts":1751350791834,"op":"l","o":{"id":"MOCK-ASK-DOGE-USDC-6-1751350791834","side":"sell","price":0.35209999999999997,"size":3.806943557639051,"type":"limit"}},{"opId":97,"ts":1751350791836,"op":"l","o":{"id":"MOCK-ASK-DOGE-USDC-7-1751350791836","side":"sell","price":0.35245,"size":4.729037389423448,"type":"limit"}},{"opId":98,"ts":1751350791837,"op":"l","o":{"id":"MOCK-ASK-DOGE-USDC-8-1751350791837","side":"sell","price":0.3528,"size":1.9591082466219711,"type":"limit"}},{"opId":99,"ts":1751350791839,"op":"l","o":{"id":"MOCK-ASK-DOGE-USDC-9-1751350791839","side":"sell","price":0.35314999999999996,"size":0.4009031649859528,"type":"limit"}},{"opId":100,"ts":1751350791845,"op":"l","o":{"id":"MOCK-ASK-DOGE-USDC-10-1751350791845","side":"sell","price":0.3535,"size":0.18769174154650395,"type":"limit"}},{"opId":101,"ts":1751351925550,"op":"l","o":{"id":"MOCK-BID-DOGE-USDC-1-1751351925550","side":"buy","price":0.34964999999999996,"size":0.3609358790849836,"type":"limit"}},{"opId":102,"ts":1751351925552,"op":"l","o":{"id":"MOCK-BID-DOGE-USDC-2-1751351925552","side":"buy","price":0.3493,"size":4.956605221244442,"type":"limit"}},{"opId":103,"ts":1751351925557,"op":"l","o":{"id":"MOCK-BID-DOGE-USDC-3-1751351925557","side":"buy","price":0.34895,"size":1.5974288488087507,"type":"limit"}},{"opId":104,"ts":1751351925559,"op":"l","o":{"id":"MOCK-BID-DOGE-USDC-4-1751351925558","side":"buy","price":0.34859999999999997,"size":0.9339939235923543,"type":"limit"}},{"opId":105,"ts":1751351925560,"op":"l","o":{"id":"MOCK-BID-DOGE-USDC-5-1751351925560","side":"buy","price":0.34825,"size":1.8688348043337744,"type":"limit"}},{"opId":106,"ts":1751351925561,"op":"l","o":{"id":"MOCK-BID-DOGE-USDC-6-1751351925561","side":"buy","price":0.3479,"size":0.6590720644774638,"type":"limit"}},{"opId":107,"ts":1751351925563,"op":"l","o":{"id":"MOCK-BID-DOGE-USDC-7-1751351925562","side":"buy","price":0.34754999999999997,"size":4.743233222198418,"type":"limit"}},{"opId":108,"ts":1751351925564,"op":"l","o":{"id":"MOCK-BID-DOGE-USDC-8-1751351925564","side":"buy","price":0.34719999999999995,"size":1.8988977889665193,"type":"limit"}},{"opId":109,"ts":1751351925567,"op":"l","o":{"id":"MOCK-BID-DOGE-USDC-9-1751351925567","side":"buy","price":0.34685,"size":2.9187609509314814,"type":"limit"}},{"opId":110,"ts":1751351925569,"op":"l","o":{"id":"MOCK-BID-DOGE-USDC-10-1751351925569","side":"buy","price":0.3465,"size":0.9571910291690732,"type":"limit"}},{"opId":111,"ts":1751351925572,"op":"l","o":{"id":"MOCK-ASK-DOGE-USDC-1-1751351925572","side":"sell","price":0.35035,"size":3.222407878828002,"type":"limit"}},{"opId":112,"ts":1751351925575,"op":"l","o":{"id":"MOCK-ASK-DOGE-USDC-2-1751351925575","side":"sell","price":0.35069999999999996,"size":3.5464317659882827,"type":"limit"}},{"opId":113,"ts":1751351925576,"op":"l","o":{"id":"MOCK-ASK-DOGE-USDC-3-1751351925576","side":"sell","price":0.35105,"size":1.2256248272073877,"type":"limit"}},{"opId":114,"ts":1751351925577,"op":"l","o":{"id":"MOCK-ASK-DOGE-USDC-4-1751351925577","side":"sell","price":0.3514,"size":1.6408556330732382,"type":"limit"}},{"opId":115,"ts":1751351925579,"op":"l","o":{"id":"MOCK-ASK-DOGE-USDC-5-1751351925579","side":"sell","price":0.35174999999999995,"size":3.4164911683009866,"type":"limit"}},{"opId":116,"ts":1751351925580,"op":"l","o":{"id":"MOCK-ASK-DOGE-USDC-6-1751351925580","side":"sell","price":0.35209999999999997,"size":2.4311081911706798,"type":"limit"}},{"opId":117,"ts":1751351925581,"op":"l","o":{"id":"MOCK-ASK-DOGE-USDC-7-1751351925581","side":"sell","price":0.35245,"size":0.4198622515601923,"type":"limit"}},{"opId":118,"ts":1751351925583,"op":"l","o":{"id":"MOCK-ASK-DOGE-USDC-8-1751351925583","side":"sell","price":0.3528,"size":4.853735410905904,"type":"limit"}},{"opId":119,"ts":1751351925587,"op":"l","o":{"id":"MOCK-ASK-DOGE-USDC-9-1751351925586","side":"sell","price":0.35314999999999996,"size":3.4244694983510073,"type":"limit"}},{"opId":120,"ts":1751351925589,"op":"l","o":{"id":"MOCK-ASK-DOGE-USDC-10-1751351925589","side":"sell","price":0.3535,"size":4.69629398311287,"type":"limit"}},{"opId":121,"ts":1751352295499,"op":"l","o":{"id":"MOCK-BID-DOGE-USDC-1-1751352295499","side":"buy","price":0.34964999999999996,"size":2.666816868167876,"type":"limit"}},{"opId":122,"ts":1751352295504,"op":"l","o":{"id":"MOCK-BID-DOGE-USDC-2-1751352295503","side":"buy","price":0.3493,"size":1.122124254733814,"type":"limit"}},{"opId":123,"ts":1751352295508,"op":"l","o":{"id":"MOCK-BID-DOGE-USDC-3-1751352295508","side":"buy","price":0.34895,"size":4.436210734301479,"type":"limit"}},{"opId":124,"ts":1751352295510,"op":"l","o":{"id":"MOCK-BID-DOGE-USDC-4-1751352295510","side":"buy","price":0.34859999999999997,"size":4.3469180821351765,"type":"limit"}},{"opId":125,"ts":1751352295511,"op":"l","o":{"id":"MOCK-BID-DOGE-USDC-5-1751352295511","side":"buy","price":0.34825,"size":0.22199496561602908,"type":"limit"}},{"opId":126,"ts":1751352295512,"op":"l","o":{"id":"MOCK-BID-DOGE-USDC-6-1751352295512","side":"buy","price":0.3479,"size":0.8600081539125047,"type":"limit"}},{"opId":127,"ts":1751352295514,"op":"l","o":{"id":"MOCK-BID-DOGE-USDC-7-1751352295514","side":"buy","price":0.34754999999999997,"size":4.752764682961705,"type":"limit"}},{"opId":128,"ts":1751352295516,"op":"l","o":{"id":"MOCK-BID-DOGE-USDC-8-1751352295516","side":"buy","price":0.34719999999999995,"size":1.5623823809868587,"type":"limit"}},{"opId":129,"ts":1751352295517,"op":"l","o":{"id":"MOCK-BID-DOGE-USDC-9-1751352295517","side":"buy","price":0.34685,"size":0.7187330076728703,"type":"limit"}},{"opId":130,"ts":1751352295519,"op":"l","o":{"id":"MOCK-BID-DOGE-USDC-10-1751352295519","side":"buy","price":0.3465,"size":3.660122780522229,"type":"limit"}},{"opId":131,"ts":1751352295520,"op":"l","o":{"id":"MOCK-ASK-DOGE-USDC-1-1751352295520","side":"sell","price":0.35035,"size":0.2028815952195994,"type":"limit"}},{"opId":132,"ts":1751352295522,"op":"l","o":{"id":"MOCK-ASK-DOGE-USDC-2-1751352295522","side":"sell","price":0.35069999999999996,"size":0.2877544695158806,"type":"limit"}},{"opId":133,"ts":1751352295523,"op":"l","o":{"id":"MOCK-ASK-DOGE-USDC-3-1751352295523","side":"sell","price":0.35105,"size":1.3230015971609066,"type":"limit"}},{"opId":134,"ts":1751352295525,"op":"l","o":{"id":"MOCK-ASK-DOGE-USDC-4-1751352295525","side":"sell","price":0.3514,"size":3.675932085701709,"type":"limit"}},{"opId":135,"ts":1751352295526,"op":"l","o":{"id":"MOCK-ASK-DOGE-USDC-5-1751352295526","side":"sell","price":0.35174999999999995,"size":2.265082039593651,"type":"limit"}},{"opId":136,"ts":1751352295528,"op":"l","o":{"id":"MOCK-ASK-DOGE-USDC-6-1751352295528","side":"sell","price":0.35209999999999997,"size":4.2905308125029755,"type":"limit"}},{"opId":137,"ts":1751352295529,"op":"l","o":{"id":"MOCK-ASK-DOGE-USDC-7-1751352295529","side":"sell","price":0.35245,"size":3.156185925801156,"type":"limit"}},{"opId":138,"ts":1751352295533,"op":"l","o":{"id":"MOCK-ASK-DOGE-USDC-8-1751352295533","side":"sell","price":0.3528,"size":3.9777932815632733,"type":"limit"}},{"opId":139,"ts":1751352295539,"op":"l","o":{"id":"MOCK-ASK-DOGE-USDC-9-1751352295539","side":"sell","price":0.35314999999999996,"size":3.2176428623321884,"type":"limit"}},{"opId":140,"ts":1751352295541,"op":"l","o":{"id":"MOCK-ASK-DOGE-USDC-10-1751352295541","side":"sell","price":0.3535,"size":2.2336348079172863,"type":"limit"}},{"opId":141,"ts":1751354316832,"op":"l","o":{"id":"MOCK-BID-DOGE-USDC-1-1751354316832","side":"buy","price":0.34964999999999996,"size":2.1049790125233057,"type":"limit"}},{"opId":142,"ts":1751354316835,"op":"l","o":{"id":"MOCK-BID-DOGE-USDC-2-1751354316835","side":"buy","price":0.3493,"size":4.726178700627793,"type":"limit"}},{"opId":143,"ts":1751354316838,"op":"l","o":{"id":"MOCK-BID-DOGE-USDC-3-1751354316838","side":"buy","price":0.34895,"size":2.215540444311681,"type":"limit"}},{"opId":144,"ts":1751354316841,"op":"l","o":{"id":"MOCK-BID-DOGE-USDC-4-1751354316841","side":"buy","price":0.34859999999999997,"size":4.958901780773149,"type":"limit"}},{"opId":145,"ts":1751354316844,"op":"l","o":{"id":"MOCK-BID-DOGE-USDC-5-1751354316844","side":"buy","price":0.34825,"size":3.927235735015494,"type":"limit"}},{"opId":146,"ts":1751354316847,"op":"l","o":{"id":"MOCK-BID-DOGE-USDC-6-1751354316847","side":"buy","price":0.3479,"size":3.176487108863111,"type":"limit"}},{"opId":147,"ts":1751354316849,"op":"l","o":{"id":"MOCK-BID-DOGE-USDC-7-1751354316849","side":"buy","price":0.34754999999999997,"size":4.381013322182037,"type":"limit"}},{"opId":148,"ts":1751354316852,"op":"l","o":{"id":"MOCK-BID-DOGE-USDC-8-1751354316852","side":"buy","price":0.34719999999999995,"size":1.0436735298817634,"type":"limit"}},{"opId":149,"ts":1751354316855,"op":"l","o":{"id":"MOCK-BID-DOGE-USDC-9-1751354316855","side":"buy","price":0.34685,"size":1.5703140411366567,"type":"limit"}},{"opId":150,"ts":1751354316858,"op":"l","o":{"id":"MOCK-BID-DOGE-USDC-10-1751354316858","side":"buy","price":0.3465,"size":4.44416630651638,"type":"limit"}},{"opId":151,"ts":1751354316862,"op":"l","o":{"id":"MOCK-ASK-DOGE-USDC-1-1751354316862","side":"sell","price":0.35035,"size":0.7480197329220427,"type":"limit"}},{"opId":152,"ts":1751354316867,"op":"l","o":{"id":"MOCK-ASK-DOGE-USDC-2-1751354316866","side":"sell","price":0.35069999999999996,"size":3.937045568970509,"type":"limit"}},{"opId":153,"ts":1751354316873,"op":"l","o":{"id":"MOCK-ASK-DOGE-USDC-3-1751354316873","side":"sell","price":0.35105,"size":2.614376877564618,"type":"limit"}},{"opId":154,"ts":1751354316875,"op":"l","o":{"id":"MOCK-ASK-DOGE-USDC-4-1751354316875","side":"sell","price":0.3514,"size":1.7505742452394701,"type":"limit"}},{"opId":155,"ts":1751354316877,"op":"l","o":{"id":"MOCK-ASK-DOGE-USDC-5-1751354316877","side":"sell","price":0.35174999999999995,"size":3.9865107734746386,"type":"limit"}},{"opId":156,"ts":1751354316881,"op":"l","o":{"id":"MOCK-ASK-DOGE-USDC-6-1751354316881","side":"sell","price":0.35209999999999997,"size":0.5797122137168264,"type":"limit"}},{"opId":157,"ts":1751354316888,"op":"l","o":{"id":"MOCK-ASK-DOGE-USDC-7-1751354316888","side":"sell","price":0.35245,"size":3.3289543634400878,"type":"limit"}},{"opId":158,"ts":1751354316892,"op":"l","o":{"id":"MOCK-ASK-DOGE-USDC-8-1751354316892","side":"sell","price":0.3528,"size":0.6120013093583397,"type":"limit"}},{"opId":159,"ts":1751354316895,"op":"l","o":{"id":"MOCK-ASK-DOGE-USDC-9-1751354316895","side":"sell","price":0.35314999999999996,"size":0.8110009226294955,"type":"limit"}},{"opId":160,"ts":1751354316902,"op":"l","o":{"id":"MOCK-ASK-DOGE-USDC-10-1751354316902","side":"sell","price":0.3535,"size":2.839345845919993,"type":"limit"}},{"opId":161,"ts":1751362208373,"op":"l","o":{"id":"MOCK-BID-DOGE-USDC-1-1751362208373","side":"buy","price":0.34964999999999996,"size":4.002639091350489,"type":"limit"}},{"opId":162,"ts":1751362208377,"op":"l","o":{"id":"MOCK-BID-DOGE-USDC-2-1751362208376","side":"buy","price":0.3493,"size":0.10900653592626922,"type":"limit"}},{"opId":163,"ts":1751362208386,"op":"l","o":{"id":"MOCK-BID-DOGE-USDC-3-1751362208386","side":"buy","price":0.34895,"size":4.656180347863142,"type":"limit"}},{"opId":164,"ts":1751362208390,"op":"l","o":{"id":"MOCK-BID-DOGE-USDC-4-1751362208390","side":"buy","price":0.34859999999999997,"size":4.507658597016706,"type":"limit"}},{"opId":165,"ts":1751362208393,"op":"l","o":{"id":"MOCK-BID-DOGE-USDC-5-1751362208392","side":"buy","price":0.34825,"size":4.5808604217919076,"type":"limit"}},{"opId":166,"ts":1751362208396,"op":"l","o":{"id":"MOCK-BID-DOGE-USDC-6-1751362208396","side":"buy","price":0.3479,"size":4.397990229927196,"type":"limit"}},{"opId":167,"ts":1751362208400,"op":"l","o":{"id":"MOCK-BID-DOGE-USDC-7-1751362208400","side":"buy","price":0.34754999999999997,"size":2.289937405009652,"type":"limit"}},{"opId":168,"ts":1751362208407,"op":"l","o":{"id":"MOCK-BID-DOGE-USDC-8-1751362208407","side":"buy","price":0.34719999999999995,"size":2.863431746115004,"type":"limit"}},{"opId":169,"ts":1751362208410,"op":"l","o":{"id":"MOCK-BID-DOGE-USDC-9-1751362208409","side":"buy","price":0.34685,"size":0.6164163724437121,"type":"limit"}},{"opId":170,"ts":1751362208412,"op":"l","o":{"id":"MOCK-BID-DOGE-USDC-10-1751362208412","side":"buy","price":0.3465,"size":4.69342866236202,"type":"limit"}},{"opId":171,"ts":1751362208417,"op":"l","o":{"id":"MOCK-ASK-DOGE-USDC-1-1751362208416","side":"sell","price":0.35035,"size":0.7693117765330214,"type":"limit"}},{"opId":172,"ts":1751362208424,"op":"l","o":{"id":"MOCK-ASK-DOGE-USDC-2-1751362208424","side":"sell","price":0.35069999999999996,"size":4.5388056783466,"type":"limit"}},{"opId":173,"ts":1751362208427,"op":"l","o":{"id":"MOCK-ASK-DOGE-USDC-3-1751362208427","side":"sell","price":0.35105,"size":4.492694313783672,"type":"limit"}},{"opId":174,"ts":1751362208430,"op":"l","o":{"id":"MOCK-ASK-DOGE-USDC-4-1751362208430","side":"sell","price":0.3514,"size":3.406878607075655,"type":"limit"}},{"opId":175,"ts":1751362208436,"op":"l","o":{"id":"MOCK-ASK-DOGE-USDC-5-1751362208436","side":"sell","price":0.35174999999999995,"size":4.223335840897683,"type":"limit"}},{"opId":176,"ts":1751362208442,"op":"l","o":{"id":"MOCK-ASK-DOGE-USDC-6-1751362208442","side":"sell","price":0.35209999999999997,"size":2.153475425217547,"type":"limit"}},{"opId":177,"ts":1751362208446,"op":"l","o":{"id":"MOCK-ASK-DOGE-USDC-7-1751362208445","side":"sell","price":0.35245,"size":3.508252049110069,"type":"limit"}},{"opId":178,"ts":1751362208450,"op":"l","o":{"id":"MOCK-ASK-DOGE-USDC-8-1751362208449","side":"sell","price":0.3528,"size":2.353156129727593,"type":"limit"}},{"opId":179,"ts":1751362208458,"op":"l","o":{"id":"MOCK-ASK-DOGE-USDC-9-1751362208457","side":"sell","price":0.35314999999999996,"size":0.34565983868974903,"type":"limit"}},{"opId":180,"ts":1751362208461,"op":"l","o":{"id":"MOCK-ASK-DOGE-USDC-10-1751362208460","side":"sell","price":0.3535,"size":4.018744752704777,"type":"limit"}},{"opId":181,"ts":1751362439590,"op":"l","o":{"id":"MOCK-BID-DOGE-USDC-1-1751362439590","side":"buy","price":0.34964999999999996,"size":0.4047168256934296,"type":"limit"}},{"opId":182,"ts":1751362439593,"op":"l","o":{"id":"MOCK-BID-DOGE-USDC-2-1751362439593","side":"buy","price":0.3493,"size":2.4621901912747304,"type":"limit"}},{"opId":183,"ts":1751362439595,"op":"l","o":{"id":"MOCK-BID-DOGE-USDC-3-1751362439595","side":"buy","price":0.34895,"size":3.618348790928739,"type":"limit"}},{"opId":184,"ts":1751362439597,"op":"l","o":{"id":"MOCK-BID-DOGE-USDC-4-1751362439596","side":"buy","price":0.34859999999999997,"size":3.223920157411191,"type":"limit"}},{"opId":185,"ts":1751362439599,"op":"l","o":{"id":"MOCK-BID-DOGE-USDC-5-1751362439599","side":"buy","price":0.34825,"size":0.5919462570550847,"type":"limit"}},{"opId":186,"ts":1751362439602,"op":"l","o":{"id":"MOCK-BID-DOGE-USDC-6-1751362439602","side":"buy","price":0.3479,"size":0.9150435662152944,"type":"limit"}},{"opId":187,"ts":1751362439603,"op":"l","o":{"id":"MOCK-BID-DOGE-USDC-7-1751362439603","side":"buy","price":0.34754999999999997,"size":0.3599210985155731,"type":"limit"}},{"opId":188,"ts":1751362439606,"op":"l","o":{"id":"MOCK-BID-DOGE-USDC-8-1751362439605","side":"buy","price":0.34719999999999995,"size":1.8168065604591654,"type":"limit"}},{"opId":189,"ts":1751362439610,"op":"l","o":{"id":"MOCK-BID-DOGE-USDC-9-1751362439610","side":"buy","price":0.34685,"size":4.5340227397141035,"type":"limit"}},{"opId":190,"ts":1751362439612,"op":"l","o":{"id":"MOCK-BID-DOGE-USDC-10-1751362439611","side":"buy","price":0.3465,"size":1.2301872442602968,"type":"limit"}},{"opId":191,"ts":1751362439614,"op":"l","o":{"id":"MOCK-ASK-DOGE-USDC-1-1751362439614","side":"sell","price":0.35035,"size":2.406433722392509,"type":"limit"}},{"opId":192,"ts":1751362439618,"op":"l","o":{"id":"MOCK-ASK-DOGE-USDC-2-1751362439618","side":"sell","price":0.35069999999999996,"size":2.9981362927254405,"type":"limit"}},{"opId":193,"ts":1751362439620,"op":"l","o":{"id":"MOCK-ASK-DOGE-USDC-3-1751362439620","side":"sell","price":0.35105,"size":1.2333816322765334,"type":"limit"}},{"opId":194,"ts":1751362439621,"op":"l","o":{"id":"MOCK-ASK-DOGE-USDC-4-1751362439621","side":"sell","price":0.3514,"size":1.3072197060668123,"type":"limit"}},{"opId":195,"ts":1751362439626,"op":"l","o":{"id":"MOCK-ASK-DOGE-USDC-5-1751362439626","side":"sell","price":0.35174999999999995,"size":1.9402113624344375,"type":"limit"}},{"opId":196,"ts":1751362439630,"op":"l","o":{"id":"MOCK-ASK-DOGE-USDC-6-1751362439630","side":"sell","price":0.35209999999999997,"size":4.733754824253535,"type":"limit"}},{"opId":197,"ts":1751362439631,"op":"l","o":{"id":"MOCK-ASK-DOGE-USDC-7-1751362439631","side":"sell","price":0.35245,"size":4.600670035858957,"type":"limit"}},{"opId":198,"ts":1751362439633,"op":"l","o":{"id":"MOCK-ASK-DOGE-USDC-8-1751362439633","side":"sell","price":0.3528,"size":4.146023349443986,"type":"limit"}},{"opId":199,"ts":1751362439635,"op":"l","o":{"id":"MOCK-ASK-DOGE-USDC-9-1751362439635","side":"sell","price":0.35314999999999996,"size":3.5302947085847083,"type":"limit"}},{"opId":200,"ts":1751362439637,"op":"l","o":{"id":"MOCK-ASK-DOGE-USDC-10-1751362439637","side":"sell","price":0.3535,"size":0.9660264612862689,"type":"limit"}},{"opId":201,"ts":1751362635797,"op":"l","o":{"id":"MOCK-BID-DOGE-USDC-1-1751362635796","side":"buy","price":0.34964999999999996,"size":2.5250988968809494,"type":"limit"}},{"opId":202,"ts":1751362635799,"op":"l","o":{"id":"MOCK-BID-DOGE-USDC-2-1751362635799","side":"buy","price":0.3493,"size":3.5776818954570744,"type":"limit"}},{"opId":203,"ts":1751362635802,"op":"l","o":{"id":"MOCK-BID-DOGE-USDC-3-1751362635801","side":"buy","price":0.34895,"size":1.6568599141497575,"type":"limit"}},{"opId":204,"ts":1751362635807,"op":"l","o":{"id":"MOCK-BID-DOGE-USDC-4-1751362635807","side":"buy","price":0.34859999999999997,"size":3.8862349962433096,"type":"limit"}},{"opId":205,"ts":1751362635808,"op":"l","o":{"id":"MOCK-BID-DOGE-USDC-5-1751362635808","side":"buy","price":0.34825,"size":2.993284259491539,"type":"limit"}},{"opId":206,"ts":1751362635810,"op":"l","o":{"id":"MOCK-BID-DOGE-USDC-6-1751362635810","side":"buy","price":0.3479,"size":1.764960008677059,"type":"limit"}},{"opId":207,"ts":1751362635815,"op":"l","o":{"id":"MOCK-BID-DOGE-USDC-7-1751362635815","side":"buy","price":0.34754999999999997,"size":4.087703950187393,"type":"limit"}},{"opId":208,"ts":1751362635818,"op":"l","o":{"id":"MOCK-BID-DOGE-USDC-8-1751362635818","side":"buy","price":0.34719999999999995,"size":2.308613101407898,"type":"limit"}},{"opId":209,"ts":1751362635820,"op":"l","o":{"id":"MOCK-BID-DOGE-USDC-9-1751362635820","side":"buy","price":0.34685,"size":0.48202743671746695,"type":"limit"}},{"opId":210,"ts":1751362635822,"op":"l","o":{"id":"MOCK-BID-DOGE-USDC-10-1751362635822","side":"buy","price":0.3465,"size":0.4921672482097149,"type":"limit"}},{"opId":211,"ts":1751362635823,"op":"l","o":{"id":"MOCK-ASK-DOGE-USDC-1-1751362635823","side":"sell","price":0.35035,"size":4.22310411339731,"type":"limit"}},{"opId":212,"ts":1751362635825,"op":"l","o":{"id":"MOCK-ASK-DOGE-USDC-2-1751362635825","side":"sell","price":0.35069999999999996,"size":3.2546911004547776,"type":"limit"}},{"opId":213,"ts":1751362635826,"op":"l","o":{"id":"MOCK-ASK-DOGE-USDC-3-1751362635826","side":"sell","price":0.35105,"size":1.6656597230383885,"type":"limit"}},{"opId":214,"ts":1751362635828,"op":"l","o":{"id":"MOCK-ASK-DOGE-USDC-4-1751362635828","side":"sell","price":0.3514,"size":0.16782588277224222,"type":"limit"}},{"opId":215,"ts":1751362635829,"op":"l","o":{"id":"MOCK-ASK-DOGE-USDC-5-1751362635829","side":"sell","price":0.35174999999999995,"size":3.743014975441327,"type":"limit"}},{"opId":216,"ts":1751362635831,"op":"l","o":{"id":"MOCK-ASK-DOGE-USDC-6-1751362635831","side":"sell","price":0.35209999999999997,"size":3.6905766816954446,"type":"limit"}},{"opId":217,"ts":1751362635833,"op":"l","o":{"id":"MOCK-ASK-DOGE-USDC-7-1751362635833","side":"sell","price":0.35245,"size":3.966462578641036,"type":"limit"}},{"opId":218,"ts":1751362635837,"op":"l","o":{"id":"MOCK-ASK-DOGE-USDC-8-1751362635837","side":"sell","price":0.3528,"size":1.4190407717115983,"type":"limit"}},{"opId":219,"ts":1751362635839,"op":"l","o":{"id":"MOCK-ASK-DOGE-USDC-9-1751362635839","side":"sell","price":0.35314999999999996,"size":3.6635996983365717,"type":"limit"}},{"opId":220,"ts":1751362635841,"op":"l","o":{"id":"MOCK-ASK-DOGE-USDC-10-1751362635841","side":"sell","price":0.3535,"size":3.8020231980516006,"type":"limit"}}]