[{"opId":1,"ts":1751256930757,"op":"l","o":{"id":"MOCK-BID-PLTR-1-1751256930757","side":"buy","price":44.955,"size":0.19353796479204202,"type":"limit"}},{"opId":2,"ts":1751256930758,"op":"l","o":{"id":"MOCK-BID-PLTR-2-1751256930758","side":"buy","price":44.91,"size":0.6528999419310387,"type":"limit"}},{"opId":3,"ts":1751256930760,"op":"l","o":{"id":"MOCK-BID-PLTR-3-1751256930760","side":"buy","price":44.865,"size":4.420277435966089,"type":"limit"}},{"opId":4,"ts":1751256930761,"op":"l","o":{"id":"MOCK-BID-PLTR-4-1751256930761","side":"buy","price":44.82,"size":3.7496606367376804,"type":"limit"}},{"opId":5,"ts":1751256930763,"op":"l","o":{"id":"MOCK-BID-PLTR-5-1751256930762","side":"buy","price":44.775,"size":2.4608840234993026,"type":"limit"}},{"opId":6,"ts":1751256930764,"op":"l","o":{"id":"MOCK-BID-PLTR-6-1751256930764","side":"buy","price":44.73,"size":4.16787817012059,"type":"limit"}},{"opId":7,"ts":1751256930766,"op":"l","o":{"id":"MOCK-BID-PLTR-7-1751256930766","side":"buy","price":44.685,"size":2.519376269622328,"type":"limit"}},{"opId":8,"ts":1751256930769,"op":"l","o":{"id":"MOCK-BID-PLTR-8-1751256930768","side":"buy","price":44.64,"size":2.2467761845558845,"type":"limit"}},{"opId":9,"ts":1751256930770,"op":"l","o":{"id":"MOCK-BID-PLTR-9-1751256930770","side":"buy","price":44.595,"size":2.087604172817391,"type":"limit"}},{"opId":10,"ts":1751256930772,"op":"l","o":{"id":"MOCK-BID-PLTR-10-1751256930772","side":"buy","price":44.55,"size":3.5210757329256634,"type":"limit"}},{"opId":11,"ts":1751256930774,"op":"l","o":{"id":"MOCK-ASK-PLTR-1-1751256930774","side":"sell","price":45.045,"size":0.7292402252132634,"type":"limit"}},{"opId":12,"ts":1751256930776,"op":"l","o":{"id":"MOCK-ASK-PLTR-2-1751256930776","side":"sell","price":45.09,"size":1.2146221823491388,"type":"limit"}},{"opId":13,"ts":1751256930777,"op":"l","o":{"id":"MOCK-ASK-PLTR-3-1751256930777","side":"sell","price":45.135,"size":0.26125981091725803,"type":"limit"}},{"opId":14,"ts":1751256930779,"op":"l","o":{"id":"MOCK-ASK-PLTR-4-1751256930779","side":"sell","price":45.18,"size":3.855699957497001,"type":"limit"}},{"opId":15,"ts":1751256930780,"op":"l","o":{"id":"MOCK-ASK-PLTR-5-1751256930780","side":"sell","price":45.225,"size":3.9723475073570733,"type":"limit"}},{"opId":16,"ts":1751256930781,"op":"l","o":{"id":"MOCK-ASK-PLTR-6-1751256930781","side":"sell","price":45.27,"size":3.894870237516479,"type":"limit"}},{"opId":17,"ts":1751256930782,"op":"l","o":{"id":"MOCK-ASK-PLTR-7-1751256930782","side":"sell","price":45.315,"size":0.4657931618110954,"type":"limit"}},{"opId":18,"ts":1751256930784,"op":"l","o":{"id":"MOCK-ASK-PLTR-8-1751256930784","side":"sell","price":45.36,"size":2.5898449693508163,"type":"limit"}},{"opId":19,"ts":1751256930785,"op":"l","o":{"id":"MOCK-ASK-PLTR-9-1751256930785","side":"sell","price":45.405,"size":4.079475289812155,"type":"limit"}},{"opId":20,"ts":1751256930786,"op":"l","o":{"id":"MOCK-ASK-PLTR-10-1751256930786","side":"sell","price":45.45,"size":3.642544249555073,"type":"limit"}},{"opId":21,"ts":1751350792010,"op":"l","o":{"id":"MOCK-BID-PLTR-1-1751350792010","side":"buy","price":44.955,"size":4.506351994685769,"type":"limit"}},{"opId":22,"ts":1751350792016,"op":"l","o":{"id":"MOCK-BID-PLTR-2-1751350792016","side":"buy","price":44.91,"size":3.1857884594650385,"type":"limit"}},{"opId":23,"ts":1751350792023,"op":"l","o":{"id":"MOCK-BID-PLTR-3-1751350792022","side":"buy","price":44.865,"size":2.6127160473716207,"type":"limit"}},{"opId":24,"ts":1751350792025,"op":"l","o":{"id":"MOCK-BID-PLTR-4-1751350792024","side":"buy","price":44.82,"size":4.944365057803136,"type":"limit"}},{"opId":25,"ts":1751350792026,"op":"l","o":{"id":"MOCK-BID-PLTR-5-1751350792025","side":"buy","price":44.775,"size":3.352649228448088,"type":"limit"}},{"opId":26,"ts":1751350792027,"op":"l","o":{"id":"MOCK-BID-PLTR-6-1751350792027","side":"buy","price":44.73,"size":2.9113358128895075,"type":"limit"}},{"opId":27,"ts":1751350792030,"op":"l","o":{"id":"MOCK-BID-PLTR-7-1751350792030","side":"buy","price":44.685,"size":1.02685820081167,"type":"limit"}},{"opId":28,"ts":1751350792031,"op":"l","o":{"id":"MOCK-BID-PLTR-8-1751350792031","side":"buy","price":44.64,"size":4.661400583619155,"type":"limit"}},{"opId":29,"ts":1751350792033,"op":"l","o":{"id":"MOCK-BID-PLTR-9-1751350792032","side":"buy","price":44.595,"size":3.535796743928955,"type":"limit"}},{"opId":30,"ts":1751350792034,"op":"l","o":{"id":"MOCK-BID-PLTR-10-1751350792034","side":"buy","price":44.55,"size":1.5584726393400605,"type":"limit"}},{"opId":31,"ts":1751350792036,"op":"l","o":{"id":"MOCK-ASK-PLTR-1-1751350792036","side":"sell","price":45.045,"size":2.075558699083829,"type":"limit"}},{"opId":32,"ts":1751350792038,"op":"l","o":{"id":"MOCK-ASK-PLTR-2-1751350792037","side":"sell","price":45.09,"size":1.4539292915843527,"type":"limit"}},{"opId":33,"ts":1751350792039,"op":"l","o":{"id":"MOCK-ASK-PLTR-3-1751350792039","side":"sell","price":45.135,"size":0.7576472564464797,"type":"limit"}},{"opId":34,"ts":1751350792044,"op":"l","o":{"id":"MOCK-ASK-PLTR-4-1751350792044","side":"sell","price":45.18,"size":1.0709664185290746,"type":"limit"}},{"opId":35,"ts":1751350792047,"op":"l","o":{"id":"MOCK-ASK-PLTR-5-1751350792047","side":"sell","price":45.225,"size":3.388323116157196,"type":"limit"}},{"opId":36,"ts":1751350792048,"op":"l","o":{"id":"MOCK-ASK-PLTR-6-1751350792048","side":"sell","price":45.27,"size":0.12897238491528454,"type":"limit"}},{"opId":37,"ts":1751350792050,"op":"l","o":{"id":"MOCK-ASK-PLTR-7-1751350792050","side":"sell","price":45.315,"size":2.885381171232281,"type":"limit"}},{"opId":38,"ts":1751350792054,"op":"l","o":{"id":"MOCK-ASK-PLTR-8-1751350792054","side":"sell","price":45.36,"size":2.629810700523594,"type":"limit"}},{"opId":39,"ts":1751350792055,"op":"l","o":{"id":"MOCK-ASK-PLTR-9-1751350792055","side":"sell","price":45.405,"size":5.0935739876122685,"type":"limit"}},{"opId":40,"ts":1751350792056,"op":"l","o":{"id":"MOCK-ASK-PLTR-10-1751350792056","side":"sell","price":45.45,"size":2.6367695088490604,"type":"limit"}},{"opId":41,"ts":1751351925715,"op":"l","o":{"id":"MOCK-BID-PLTR-1-1751351925715","side":"buy","price":44.955,"size":2.4853350108201155,"type":"limit"}},{"opId":42,"ts":1751351925717,"op":"l","o":{"id":"MOCK-BID-PLTR-2-1751351925716","side":"buy","price":44.91,"size":1.6907048000068026,"type":"limit"}},{"opId":43,"ts":1751351925719,"op":"l","o":{"id":"MOCK-BID-PLTR-3-1751351925719","side":"buy","price":44.865,"size":3.1082504109767917,"type":"limit"}},{"opId":44,"ts":1751351925723,"op":"l","o":{"id":"MOCK-BID-PLTR-4-1751351925723","side":"buy","price":44.82,"size":3.3141419870101276,"type":"limit"}},{"opId":45,"ts":1751351925724,"op":"l","o":{"id":"MOCK-BID-PLTR-5-1751351925724","side":"buy","price":44.775,"size":2.7010303099791675,"type":"limit"}},{"opId":46,"ts":1751351925725,"op":"l","o":{"id":"MOCK-BID-PLTR-6-1751351925725","side":"buy","price":44.73,"size":4.759762864832784,"type":"limit"}},{"opId":47,"ts":1751351925727,"op":"l","o":{"id":"MOCK-BID-PLTR-7-1751351925726","side":"buy","price":44.685,"size":2.9548204749204934,"type":"limit"}},{"opId":48,"ts":1751351925728,"op":"l","o":{"id":"MOCK-BID-PLTR-8-1751351925728","side":"buy","price":44.64,"size":2.6568866691118296,"type":"limit"}},{"opId":49,"ts":1751351925729,"op":"l","o":{"id":"MOCK-BID-PLTR-9-1751351925729","side":"buy","price":44.595,"size":3.066473417191553,"type":"limit"}},{"opId":50,"ts":1751351925730,"op":"l","o":{"id":"MOCK-BID-PLTR-10-1751351925730","side":"buy","price":44.55,"size":3.2373606381543776,"type":"limit"}},{"opId":51,"ts":1751351925732,"op":"l","o":{"id":"MOCK-ASK-PLTR-1-1751351925732","side":"sell","price":45.045,"size":2.287192646631834,"type":"limit"}},{"opId":52,"ts":1751351925733,"op":"l","o":{"id":"MOCK-ASK-PLTR-2-1751351925733","side":"sell","price":45.09,"size":4.5268460152495305,"type":"limit"}},{"opId":53,"ts":1751351925738,"op":"l","o":{"id":"MOCK-ASK-PLTR-3-1751351925737","side":"sell","price":45.135,"size":2.0711893277504676,"type":"limit"}},{"opId":54,"ts":1751351925739,"op":"l","o":{"id":"MOCK-ASK-PLTR-4-1751351925739","side":"sell","price":45.18,"size":4.042955321782127,"type":"limit"}},{"opId":55,"ts":1751351925740,"op":"l","o":{"id":"MOCK-ASK-PLTR-5-1751351925740","side":"sell","price":45.225,"size":0.9499488386767573,"type":"limit"}},{"opId":56,"ts":1751351925741,"op":"l","o":{"id":"MOCK-ASK-PLTR-6-1751351925741","side":"sell","price":45.27,"size":3.489002270717334,"type":"limit"}},{"opId":57,"ts":1751351925743,"op":"l","o":{"id":"MOCK-ASK-PLTR-7-1751351925742","side":"sell","price":45.315,"size":3.913530963969434,"type":"limit"}},{"opId":58,"ts":1751351925744,"op":"l","o":{"id":"MOCK-ASK-PLTR-8-1751351925744","side":"sell","price":45.36,"size":1.8544211239814856,"type":"limit"}},{"opId":59,"ts":1751351925745,"op":"l","o":{"id":"MOCK-ASK-PLTR-9-1751351925745","side":"sell","price":45.405,"size":1.9883430823696402,"type":"limit"}},{"opId":60,"ts":1751351925747,"op":"l","o":{"id":"MOCK-ASK-PLTR-10-1751351925747","side":"sell","price":45.45,"size":3.611404122017373,"type":"limit"}},{"opId":61,"ts":1751352295745,"op":"l","o":{"id":"MOCK-BID-PLTR-1-1751352295745","side":"buy","price":44.955,"size":4.809030631863498,"type":"limit"}},{"opId":62,"ts":1751352295747,"op":"l","o":{"id":"MOCK-BID-PLTR-2-1751352295746","side":"buy","price":44.91,"size":2.19676655322254,"type":"limit"}},{"opId":63,"ts":1751352295748,"op":"l","o":{"id":"MOCK-BID-PLTR-3-1751352295748","side":"buy","price":44.865,"size":0.9002231705942897,"type":"limit"}},{"opId":64,"ts":1751352295753,"op":"l","o":{"id":"MOCK-BID-PLTR-4-1751352295752","side":"buy","price":44.82,"size":4.5881323874225695,"type":"limit"}},{"opId":65,"ts":1751352295757,"op":"l","o":{"id":"MOCK-BID-PLTR-5-1751352295757","side":"buy","price":44.775,"size":3.053274459643759,"type":"limit"}},{"opId":66,"ts":1751352295762,"op":"l","o":{"id":"MOCK-BID-PLTR-6-1751352295761","side":"buy","price":44.73,"size":3.0868959869975043,"type":"limit"}},{"opId":67,"ts":1751352295764,"op":"l","o":{"id":"MOCK-BID-PLTR-7-1751352295764","side":"buy","price":44.685,"size":4.152910656561975,"type":"limit"}},{"opId":68,"ts":1751352295768,"op":"l","o":{"id":"MOCK-BID-PLTR-8-1751352295768","side":"buy","price":44.64,"size":2.525605755700726,"type":"limit"}},{"opId":69,"ts":1751352295770,"op":"l","o":{"id":"MOCK-BID-PLTR-9-1751352295770","side":"buy","price":44.595,"size":2.746411184232224,"type":"limit"}},{"opId":70,"ts":1751352295772,"op":"l","o":{"id":"MOCK-BID-PLTR-10-1751352295772","side":"buy","price":44.55,"size":1.8381624218421966,"type":"limit"}},{"opId":71,"ts":1751352295774,"op":"l","o":{"id":"MOCK-ASK-PLTR-1-1751352295774","side":"sell","price":45.045,"size":5.05496698233789,"type":"limit"}},{"opId":72,"ts":1751352295775,"op":"l","o":{"id":"MOCK-ASK-PLTR-2-1751352295775","side":"sell","price":45.09,"size":4.355506686589405,"type":"limit"}},{"opId":73,"ts":1751352295777,"op":"l","o":{"id":"MOCK-ASK-PLTR-3-1751352295777","side":"sell","price":45.135,"size":3.128377144054341,"type":"limit"}},{"opId":74,"ts":1751352295778,"op":"l","o":{"id":"MOCK-ASK-PLTR-4-1751352295778","side":"sell","price":45.18,"size":0.7905039439788418,"type":"limit"}},{"opId":75,"ts":1751352295780,"op":"l","o":{"id":"MOCK-ASK-PLTR-5-1751352295780","side":"sell","price":45.225,"size":2.2020840573252367,"type":"limit"}},{"opId":76,"ts":1751352295781,"op":"l","o":{"id":"MOCK-ASK-PLTR-6-1751352295781","side":"sell","price":45.27,"size":1.4568115548955396,"type":"limit"}},{"opId":77,"ts":1751352295783,"op":"l","o":{"id":"MOCK-ASK-PLTR-7-1751352295783","side":"sell","price":45.315,"size":4.752975650706254,"type":"limit"}},{"opId":78,"ts":1751352295785,"op":"l","o":{"id":"MOCK-ASK-PLTR-8-1751352295785","side":"sell","price":45.36,"size":0.8099613899000123,"type":"limit"}},{"opId":79,"ts":1751352295789,"op":"l","o":{"id":"MOCK-ASK-PLTR-9-1751352295788","side":"sell","price":45.405,"size":2.3651223689529166,"type":"limit"}},{"opId":80,"ts":1751352295792,"op":"l","o":{"id":"MOCK-ASK-PLTR-10-1751352295792","side":"sell","price":45.45,"size":3.9942733797363084,"type":"limit"}},{"opId":81,"ts":1751354317191,"op":"l","o":{"id":"MOCK-BID-PLTR-1-1751354317191","side":"buy","price":44.955,"size":4.184873943145926,"type":"limit"}},{"opId":82,"ts":1751354317194,"op":"l","o":{"id":"MOCK-BID-PLTR-2-1751354317193","side":"buy","price":44.91,"size":0.13118387265498624,"type":"limit"}},{"opId":83,"ts":1751354317196,"op":"l","o":{"id":"MOCK-BID-PLTR-3-1751354317196","side":"buy","price":44.865,"size":3.7370756722539444,"type":"limit"}},{"opId":84,"ts":1751354317203,"op":"l","o":{"id":"MOCK-BID-PLTR-4-1751354317203","side":"buy","price":44.82,"size":2.7775164593138704,"type":"limit"}},{"opId":85,"ts":1751354317207,"op":"l","o":{"id":"MOCK-BID-PLTR-5-1751354317206","side":"buy","price":44.775,"size":4.357839268840328,"type":"limit"}},{"opId":86,"ts":1751354317209,"op":"l","o":{"id":"MOCK-BID-PLTR-6-1751354317209","side":"buy","price":44.73,"size":2.7187997055597957,"type":"limit"}},{"opId":87,"ts":1751354317212,"op":"l","o":{"id":"MOCK-BID-PLTR-7-1751354317211","side":"buy","price":44.685,"size":3.742089307366007,"type":"limit"}},{"opId":88,"ts":1751354317215,"op":"l","o":{"id":"MOCK-BID-PLTR-8-1751354317215","side":"buy","price":44.64,"size":3.275824654667965,"type":"limit"}},{"opId":89,"ts":1751354317220,"op":"l","o":{"id":"MOCK-BID-PLTR-9-1751354317220","side":"buy","price":44.595,"size":3.0777994765497927,"type":"limit"}},{"opId":90,"ts":1751354317224,"op":"l","o":{"id":"MOCK-BID-PLTR-10-1751354317224","side":"buy","price":44.55,"size":3.695928258584081,"type":"limit"}},{"opId":91,"ts":1751354317227,"op":"l","o":{"id":"MOCK-ASK-PLTR-1-1751354317227","side":"sell","price":45.045,"size":4.600912889128498,"type":"limit"}},{"opId":92,"ts":1751354317230,"op":"l","o":{"id":"MOCK-ASK-PLTR-2-1751354317230","side":"sell","price":45.09,"size":1.9366378555203334,"type":"limit"}},{"opId":93,"ts":1751354317235,"op":"l","o":{"id":"MOCK-ASK-PLTR-3-1751354317235","side":"sell","price":45.135,"size":1.9031644172993,"type":"limit"}},{"opId":94,"ts":1751354317238,"op":"l","o":{"id":"MOCK-ASK-PLTR-4-1751354317238","side":"sell","price":45.18,"size":1.1608388205207787,"type":"limit"}},{"opId":95,"ts":1751354317241,"op":"l","o":{"id":"MOCK-ASK-PLTR-5-1751354317241","side":"sell","price":45.225,"size":4.2614834942777104,"type":"limit"}},{"opId":96,"ts":1751354317243,"op":"l","o":{"id":"MOCK-ASK-PLTR-6-1751354317243","side":"sell","price":45.27,"size":0.8216476083290157,"type":"limit"}},{"opId":97,"ts":1751354317245,"op":"l","o":{"id":"MOCK-ASK-PLTR-7-1751354317245","side":"sell","price":45.315,"size":4.180938177816842,"type":"limit"}},{"opId":98,"ts":1751354317248,"op":"l","o":{"id":"MOCK-ASK-PLTR-8-1751354317248","side":"sell","price":45.36,"size":2.3112938882929335,"type":"limit"}},{"opId":99,"ts":1751354317253,"op":"l","o":{"id":"MOCK-ASK-PLTR-9-1751354317252","side":"sell","price":45.405,"size":1.1222092772931502,"type":"limit"}},{"opId":100,"ts":1751354317256,"op":"l","o":{"id":"MOCK-ASK-PLTR-10-1751354317256","side":"sell","price":45.45,"size":2.567441100639537,"type":"limit"}},{"opId":101,"ts":1751362208842,"op":"l","o":{"id":"MOCK-BID-PLTR-1-1751362208842","side":"buy","price":44.955,"size":2.8973093407725536,"type":"limit"}},{"opId":102,"ts":1751362208844,"op":"l","o":{"id":"MOCK-BID-PLTR-2-1751362208844","side":"buy","price":44.91,"size":3.0116691673253073,"type":"limit"}},{"opId":103,"ts":1751362208846,"op":"l","o":{"id":"MOCK-BID-PLTR-3-1751362208846","side":"buy","price":44.865,"size":2.294367298955057,"type":"limit"}},{"opId":104,"ts":1751362208848,"op":"l","o":{"id":"MOCK-BID-PLTR-4-1751362208848","side":"buy","price":44.82,"size":4.072814786555954,"type":"limit"}},{"opId":105,"ts":1751362208850,"op":"l","o":{"id":"MOCK-BID-PLTR-5-1751362208850","side":"buy","price":44.775,"size":1.4634502864183718,"type":"limit"}},{"opId":106,"ts":1751362208854,"op":"l","o":{"id":"MOCK-BID-PLTR-6-1751362208854","side":"buy","price":44.73,"size":3.1476469236339466,"type":"limit"}},{"opId":107,"ts":1751362208855,"op":"l","o":{"id":"MOCK-BID-PLTR-7-1751362208855","side":"buy","price":44.685,"size":0.6092965155746254,"type":"limit"}},{"opId":108,"ts":1751362208858,"op":"l","o":{"id":"MOCK-BID-PLTR-8-1751362208857","side":"buy","price":44.64,"size":4.3373683278597,"type":"limit"}},{"opId":109,"ts":1751362208859,"op":"l","o":{"id":"MOCK-BID-PLTR-9-1751362208859","side":"buy","price":44.595,"size":4.04194605575629,"type":"limit"}},{"opId":110,"ts":1751362208874,"op":"l","o":{"id":"MOCK-BID-PLTR-10-1751362208861","side":"buy","price":44.55,"size":2.247999696586671,"type":"limit"}},{"opId":111,"ts":1751362208877,"op":"l","o":{"id":"MOCK-ASK-PLTR-1-1751362208876","side":"sell","price":45.045,"size":3.772149237631033,"type":"limit"}},{"opId":112,"ts":1751362208879,"op":"l","o":{"id":"MOCK-ASK-PLTR-2-1751362208879","side":"sell","price":45.09,"size":0.27443111421015287,"type":"limit"}},{"opId":113,"ts":1751362208880,"op":"l","o":{"id":"MOCK-ASK-PLTR-3-1751362208880","side":"sell","price":45.135,"size":4.951736008469181,"type":"limit"}},{"opId":114,"ts":1751362208887,"op":"l","o":{"id":"MOCK-ASK-PLTR-4-1751362208887","side":"sell","price":45.18,"size":1.3404458574416134,"type":"limit"}},{"opId":115,"ts":1751362208891,"op":"l","o":{"id":"MOCK-ASK-PLTR-5-1751362208891","side":"sell","price":45.225,"size":2.9103883752041413,"type":"limit"}},{"opId":116,"ts":1751362208893,"op":"l","o":{"id":"MOCK-ASK-PLTR-6-1751362208893","side":"sell","price":45.27,"size":3.023585860615152,"type":"limit"}},{"opId":117,"ts":1751362208895,"op":"l","o":{"id":"MOCK-ASK-PLTR-7-1751362208895","side":"sell","price":45.315,"size":3.0444304401603737,"type":"limit"}},{"opId":118,"ts":1751362208897,"op":"l","o":{"id":"MOCK-ASK-PLTR-8-1751362208897","side":"sell","price":45.36,"size":2.8348909142163015,"type":"limit"}},{"opId":119,"ts":1751362208906,"op":"l","o":{"id":"MOCK-ASK-PLTR-9-1751362208906","side":"sell","price":45.405,"size":4.501695718061827,"type":"limit"}},{"opId":120,"ts":1751362208908,"op":"l","o":{"id":"MOCK-ASK-PLTR-10-1751362208908","side":"sell","price":45.45,"size":0.6517092007021984,"type":"limit"}},{"opId":121,"ts":1751362439828,"op":"l","o":{"id":"MOCK-BID-PLTR-1-1751362439827","side":"buy","price":44.955,"size":4.526372451732896,"type":"limit"}},{"opId":122,"ts":1751362439830,"op":"l","o":{"id":"MOCK-BID-PLTR-2-1751362439830","side":"buy","price":44.91,"size":4.453145535468971,"type":"limit"}},{"opId":123,"ts":1751362439832,"op":"l","o":{"id":"MOCK-BID-PLTR-3-1751362439832","side":"buy","price":44.865,"size":1.0920806031339336,"type":"limit"}},{"opId":124,"ts":1751362439833,"op":"l","o":{"id":"MOCK-BID-PLTR-4-1751362439833","side":"buy","price":44.82,"size":1.2590456019375218,"type":"limit"}},{"opId":125,"ts":1751362439835,"op":"l","o":{"id":"MOCK-BID-PLTR-5-1751362439835","side":"buy","price":44.775,"size":4.3771499310197495,"type":"limit"}},{"opId":126,"ts":1751362439836,"op":"l","o":{"id":"MOCK-BID-PLTR-6-1751362439836","side":"buy","price":44.73,"size":1.4862840256535814,"type":"limit"}},{"opId":127,"ts":1751362439837,"op":"l","o":{"id":"MOCK-BID-PLTR-7-1751362439837","side":"buy","price":44.685,"size":3.874671175671367,"type":"limit"}},{"opId":128,"ts":1751362439841,"op":"l","o":{"id":"MOCK-BID-PLTR-8-1751362439840","side":"buy","price":44.64,"size":2.7683837528103283,"type":"limit"}},{"opId":129,"ts":1751362439843,"op":"l","o":{"id":"MOCK-BID-PLTR-9-1751362439843","side":"buy","price":44.595,"size":4.554229282728519,"type":"limit"}},{"opId":130,"ts":1751362439845,"op":"l","o":{"id":"MOCK-BID-PLTR-10-1751362439844","side":"buy","price":44.55,"size":2.3029555504179053,"type":"limit"}},{"opId":131,"ts":1751362439847,"op":"l","o":{"id":"MOCK-ASK-PLTR-1-1751362439847","side":"sell","price":45.045,"size":4.638987569119892,"type":"limit"}},{"opId":132,"ts":1751362439852,"op":"l","o":{"id":"MOCK-ASK-PLTR-2-1751362439851","side":"sell","price":45.09,"size":2.985792282023471,"type":"limit"}},{"opId":133,"ts":1751362439854,"op":"l","o":{"id":"MOCK-ASK-PLTR-3-1751362439854","side":"sell","price":45.135,"size":4.693332746374167,"type":"limit"}},{"opId":134,"ts":1751362439857,"op":"l","o":{"id":"MOCK-ASK-PLTR-4-1751362439856","side":"sell","price":45.18,"size":1.4339687805429535,"type":"limit"}},{"opId":135,"ts":1751362439859,"op":"l","o":{"id":"MOCK-ASK-PLTR-5-1751362439859","side":"sell","price":45.225,"size":4.913721983438138,"type":"limit"}},{"opId":136,"ts":1751362439861,"op":"l","o":{"id":"MOCK-ASK-PLTR-6-1751362439861","side":"sell","price":45.27,"size":1.2901632296678223,"type":"limit"}},{"opId":137,"ts":1751362439862,"op":"l","o":{"id":"MOCK-ASK-PLTR-7-1751362439862","side":"sell","price":45.315,"size":1.3461065997677069,"type":"limit"}},{"opId":138,"ts":1751362439863,"op":"l","o":{"id":"MOCK-ASK-PLTR-8-1751362439863","side":"sell","price":45.36,"size":0.6278456773325268,"type":"limit"}},{"opId":139,"ts":1751362439866,"op":"l","o":{"id":"MOCK-ASK-PLTR-9-1751362439866","side":"sell","price":45.405,"size":3.6866997097937273,"type":"limit"}},{"opId":140,"ts":1751362439870,"op":"l","o":{"id":"MOCK-ASK-PLTR-10-1751362439870","side":"sell","price":45.45,"size":3.5773290871757935,"type":"limit"}},{"opId":141,"ts":1751362636030,"op":"l","o":{"id":"MOCK-BID-PLTR-1-1751362636030","side":"buy","price":44.955,"size":0.9082548736066952,"type":"limit"}},{"opId":142,"ts":1751362636035,"op":"l","o":{"id":"MOCK-BID-PLTR-2-1751362636035","side":"buy","price":44.91,"size":4.330727429738231,"type":"limit"}},{"opId":143,"ts":1751362636036,"op":"l","o":{"id":"MOCK-BID-PLTR-3-1751362636036","side":"buy","price":44.865,"size":1.6843073299096945,"type":"limit"}},{"opId":144,"ts":1751362636038,"op":"l","o":{"id":"MOCK-BID-PLTR-4-1751362636038","side":"buy","price":44.82,"size":2.4822587367050786,"type":"limit"}},{"opId":145,"ts":1751362636039,"op":"l","o":{"id":"MOCK-BID-PLTR-5-1751362636039","side":"buy","price":44.775,"size":2.461787743948881,"type":"limit"}},{"opId":146,"ts":1751362636040,"op":"l","o":{"id":"MOCK-BID-PLTR-6-1751362636040","side":"buy","price":44.73,"size":2.3257926708082177,"type":"limit"}},{"opId":147,"ts":1751362636041,"op":"l","o":{"id":"MOCK-BID-PLTR-7-1751362636041","side":"buy","price":44.685,"size":2.2547987481869805,"type":"limit"}},{"opId":148,"ts":1751362636044,"op":"l","o":{"id":"MOCK-BID-PLTR-8-1751362636044","side":"buy","price":44.64,"size":2.7141963025866067,"type":"limit"}},{"opId":149,"ts":1751362636046,"op":"l","o":{"id":"MOCK-BID-PLTR-9-1751362636046","side":"buy","price":44.595,"size":4.786502228661952,"type":"limit"}},{"opId":150,"ts":1751362636048,"op":"l","o":{"id":"MOCK-BID-PLTR-10-1751362636048","side":"buy","price":44.55,"size":3.1870407543662274,"type":"limit"}},{"opId":151,"ts":1751362636052,"op":"l","o":{"id":"MOCK-ASK-PLTR-1-1751362636052","side":"sell","price":45.045,"size":2.1435679549503415,"type":"limit"}},{"opId":152,"ts":1751362636053,"op":"l","o":{"id":"MOCK-ASK-PLTR-2-1751362636053","side":"sell","price":45.09,"size":2.1759019928502785,"type":"limit"}},{"opId":153,"ts":1751362636055,"op":"l","o":{"id":"MOCK-ASK-PLTR-3-1751362636055","side":"sell","price":45.135,"size":4.765597630745343,"type":"limit"}},{"opId":154,"ts":1751362636056,"op":"l","o":{"id":"MOCK-ASK-PLTR-4-1751362636056","side":"sell","price":45.18,"size":3.338883096467858,"type":"limit"}},{"opId":155,"ts":1751362636057,"op":"l","o":{"id":"MOCK-ASK-PLTR-5-1751362636057","side":"sell","price":45.225,"size":4.302815657730349,"type":"limit"}},{"opId":156,"ts":1751362636058,"op":"l","o":{"id":"MOCK-ASK-PLTR-6-1751362636058","side":"sell","price":45.27,"size":2.8505892472905834,"type":"limit"}},{"opId":157,"ts":1751362636060,"op":"l","o":{"id":"MOCK-ASK-PLTR-7-1751362636060","side":"sell","price":45.315,"size":3.646670038316675,"type":"limit"}},{"opId":158,"ts":1751362636066,"op":"l","o":{"id":"MOCK-ASK-PLTR-8-1751362636066","side":"sell","price":45.36,"size":4.741917843627929,"type":"limit"}},{"opId":159,"ts":1751362636068,"op":"l","o":{"id":"MOCK-ASK-PLTR-9-1751362636068","side":"sell","price":45.405,"size":0.801910545579758,"type":"limit"}},{"opId":160,"ts":1751362636069,"op":"l","o":{"id":"MOCK-ASK-PLTR-10-1751362636069","side":"sell","price":45.45,"size":0.5006784289344189,"type":"limit"}},{"opId":161,"ts":1751607719924,"op":"l","o":{"id":"MOCK-BID-PLTR-1-1751607719924","side":"buy","price":44.955,"size":1.8737137519174962,"type":"limit"}},{"opId":162,"ts":1751607719930,"op":"l","o":{"id":"MOCK-BID-PLTR-2-1751607719930","side":"buy","price":44.91,"size":1.720928049275301,"type":"limit"}},{"opId":163,"ts":1751607719933,"op":"l","o":{"id":"MOCK-BID-PLTR-3-1751607719933","side":"buy","price":44.865,"size":4.643493316866803,"type":"limit"}},{"opId":164,"ts":1751607719934,"op":"l","o":{"id":"MOCK-BID-PLTR-4-1751607719934","side":"buy","price":44.82,"size":2.424117898564185,"type":"limit"}},{"opId":165,"ts":1751607719936,"op":"l","o":{"id":"MOCK-BID-PLTR-5-1751607719936","side":"buy","price":44.775,"size":1.3343249503106847,"type":"limit"}},{"opId":166,"ts":1751607719938,"op":"l","o":{"id":"MOCK-BID-PLTR-6-1751607719938","side":"buy","price":44.73,"size":0.6619486166102871,"type":"limit"}},{"opId":167,"ts":1751607719942,"op":"l","o":{"id":"MOCK-BID-PLTR-7-1751607719941","side":"buy","price":44.685,"size":4.255235270231684,"type":"limit"}},{"opId":168,"ts":1751607719945,"op":"l","o":{"id":"MOCK-BID-PLTR-8-1751607719945","side":"buy","price":44.64,"size":3.7845645049184706,"type":"limit"}},{"opId":169,"ts":1751607719946,"op":"l","o":{"id":"MOCK-BID-PLTR-9-1751607719946","side":"buy","price":44.595,"size":2.181353074260588,"type":"limit"}},{"opId":170,"ts":1751607719948,"op":"l","o":{"id":"MOCK-BID-PLTR-10-1751607719948","side":"buy","price":44.55,"size":3.449787885570985,"type":"limit"}},{"opId":171,"ts":1751607719949,"op":"l","o":{"id":"MOCK-ASK-PLTR-1-1751607719949","side":"sell","price":45.045,"size":0.7417977106927564,"type":"limit"}},{"opId":172,"ts":1751607719951,"op":"l","o":{"id":"MOCK-ASK-PLTR-2-1751607719950","side":"sell","price":45.09,"size":3.99281529018092,"type":"limit"}},{"opId":173,"ts":1751607719952,"op":"l","o":{"id":"MOCK-ASK-PLTR-3-1751607719952","side":"sell","price":45.135,"size":2.7120849749593723,"type":"limit"}},{"opId":174,"ts":1751607719954,"op":"l","o":{"id":"MOCK-ASK-PLTR-4-1751607719954","side":"sell","price":45.18,"size":2.986279712455342,"type":"limit"}},{"opId":175,"ts":1751607719958,"op":"l","o":{"id":"MOCK-ASK-PLTR-5-1751607719957","side":"sell","price":45.225,"size":0.3007538737716263,"type":"limit"}},{"opId":176,"ts":1751607719963,"op":"l","o":{"id":"MOCK-ASK-PLTR-6-1751607719963","side":"sell","price":45.27,"size":2.4407154864269054,"type":"limit"}},{"opId":177,"ts":1751607719965,"op":"l","o":{"id":"MOCK-ASK-PLTR-7-1751607719965","side":"sell","price":45.315,"size":4.007604044206122,"type":"limit"}},{"opId":178,"ts":1751607719967,"op":"l","o":{"id":"MOCK-ASK-PLTR-8-1751607719967","side":"sell","price":45.36,"size":3.80423794347436,"type":"limit"}},{"opId":179,"ts":1751607719969,"op":"l","o":{"id":"MOCK-ASK-PLTR-9-1751607719969","side":"sell","price":45.405,"size":3.4225130281551475,"type":"limit"}},{"opId":180,"ts":1751607719972,"op":"l","o":{"id":"MOCK-ASK-PLTR-10-1751607719972","side":"sell","price":45.45,"size":2.7109263722265795,"type":"limit"}},{"opId":181,"ts":1751608273957,"op":"l","o":{"id":"MOCK-BID-PLTR-1-1751608273957","side":"buy","price":44.955,"size":2.6463532273187487,"type":"limit"}},{"opId":182,"ts":1751608273962,"op":"l","o":{"id":"MOCK-BID-PLTR-2-1751608273961","side":"buy","price":44.91,"size":2.1219375094380335,"type":"limit"}},{"opId":183,"ts":1751608273965,"op":"l","o":{"id":"MOCK-BID-PLTR-3-1751608273965","side":"buy","price":44.865,"size":0.43436772592334794,"type":"limit"}},{"opId":184,"ts":1751608273967,"op":"l","o":{"id":"MOCK-BID-PLTR-4-1751608273966","side":"buy","price":44.82,"size":4.99429327671302,"type":"limit"}},{"opId":185,"ts":1751608273968,"op":"l","o":{"id":"MOCK-BID-PLTR-5-1751608273968","side":"buy","price":44.775,"size":0.9880715233743963,"type":"limit"}},{"opId":186,"ts":1751608273970,"op":"l","o":{"id":"MOCK-BID-PLTR-6-1751608273970","side":"buy","price":44.73,"size":4.649269822910028,"type":"limit"}},{"opId":187,"ts":1751608273974,"op":"l","o":{"id":"MOCK-BID-PLTR-7-1751608273974","side":"buy","price":44.685,"size":4.942015622391193,"type":"limit"}},{"opId":188,"ts":1751608273976,"op":"l","o":{"id":"MOCK-BID-PLTR-8-1751608273976","side":"buy","price":44.64,"size":0.1971830542832053,"type":"limit"}},{"opId":189,"ts":1751608273979,"op":"l","o":{"id":"MOCK-BID-PLTR-9-1751608273979","side":"buy","price":44.595,"size":4.774148029299085,"type":"limit"}},{"opId":190,"ts":1751608273981,"op":"l","o":{"id":"MOCK-BID-PLTR-10-1751608273981","side":"buy","price":44.55,"size":3.8832141902811035,"type":"limit"}},{"opId":191,"ts":1751608273983,"op":"l","o":{"id":"MOCK-ASK-PLTR-1-1751608273983","side":"sell","price":45.045,"size":3.661039326459085,"type":"limit"}},{"opId":192,"ts":1751608273986,"op":"l","o":{"id":"MOCK-ASK-PLTR-2-1751608273985","side":"sell","price":45.09,"size":4.9188623817433195,"type":"limit"}},{"opId":193,"ts":1751608273988,"op":"l","o":{"id":"MOCK-ASK-PLTR-3-1751608273988","side":"sell","price":45.135,"size":2.511772151401622,"type":"limit"}},{"opId":194,"ts":1751608273990,"op":"l","o":{"id":"MOCK-ASK-PLTR-4-1751608273990","side":"sell","price":45.18,"size":3.1630773703731383,"type":"limit"}},{"opId":195,"ts":1751608273995,"op":"l","o":{"id":"MOCK-ASK-PLTR-5-1751608273994","side":"sell","price":45.225,"size":3.726261572404527,"type":"limit"}},{"opId":196,"ts":1751608273998,"op":"l","o":{"id":"MOCK-ASK-PLTR-6-1751608273997","side":"sell","price":45.27,"size":3.821062308130571,"type":"limit"}},{"opId":197,"ts":1751608273999,"op":"l","o":{"id":"MOCK-ASK-PLTR-7-1751608273999","side":"sell","price":45.315,"size":1.347276796374104,"type":"limit"}},{"opId":198,"ts":1751608274001,"op":"l","o":{"id":"MOCK-ASK-PLTR-8-1751608274001","side":"sell","price":45.36,"size":3.2048614523087484,"type":"limit"}},{"opId":199,"ts":1751608274002,"op":"l","o":{"id":"MOCK-ASK-PLTR-9-1751608274002","side":"sell","price":45.405,"size":4.187562822792993,"type":"limit"}},{"opId":200,"ts":1751608274011,"op":"l","o":{"id":"MOCK-ASK-PLTR-10-1751608274008","side":"sell","price":45.45,"size":1.5736998192231433,"type":"limit"}},{"opId":201,"ts":1751616147373,"op":"l","o":{"id":"MOCK-BID-PLTR-1-1751616147373","side":"buy","price":44.955,"size":1.3141871100199265,"type":"limit"}},{"opId":202,"ts":1751616147380,"op":"l","o":{"id":"MOCK-BID-PLTR-2-1751616147379","side":"buy","price":44.91,"size":0.9046461856485121,"type":"limit"}},{"opId":203,"ts":1751616147385,"op":"l","o":{"id":"MOCK-BID-PLTR-3-1751616147385","side":"buy","price":44.865,"size":0.46739410330223763,"type":"limit"}},{"opId":204,"ts":1751616147388,"op":"l","o":{"id":"MOCK-BID-PLTR-4-1751616147388","side":"buy","price":44.82,"size":0.15246771807389417,"type":"limit"}},{"opId":205,"ts":1751616147431,"op":"l","o":{"id":"MOCK-BID-PLTR-5-1751616147431","side":"buy","price":44.775,"size":3.611729025456739,"type":"limit"}},{"opId":206,"ts":1751616147436,"op":"l","o":{"id":"MOCK-BID-PLTR-6-1751616147436","side":"buy","price":44.73,"size":2.8980728403954137,"type":"limit"}},{"opId":207,"ts":1751616147439,"op":"l","o":{"id":"MOCK-BID-PLTR-7-1751616147439","side":"buy","price":44.685,"size":2.0055297158615715,"type":"limit"}},{"opId":208,"ts":1751616147446,"op":"l","o":{"id":"MOCK-BID-PLTR-8-1751616147446","side":"buy","price":44.64,"size":1.6361056487445147,"type":"limit"}},{"opId":209,"ts":1751616147451,"op":"l","o":{"id":"MOCK-BID-PLTR-9-1751616147451","side":"buy","price":44.595,"size":2.1305170322564293,"type":"limit"}},{"opId":210,"ts":1751616147454,"op":"l","o":{"id":"MOCK-BID-PLTR-10-1751616147454","side":"buy","price":44.55,"size":4.143354332293015,"type":"limit"}},{"opId":211,"ts":1751616147458,"op":"l","o":{"id":"MOCK-ASK-PLTR-1-1751616147458","side":"sell","price":45.045,"size":1.1694501507010358,"type":"limit"}},{"opId":212,"ts":1751616147464,"op":"l","o":{"id":"MOCK-ASK-PLTR-2-1751616147464","side":"sell","price":45.09,"size":3.4020647262024997,"type":"limit"}},{"opId":213,"ts":1751616147572,"op":"l","o":{"id":"MOCK-ASK-PLTR-3-1751616147572","side":"sell","price":45.135,"size":1.341717711696534,"type":"limit"}},{"opId":214,"ts":1751616147577,"op":"l","o":{"id":"MOCK-ASK-PLTR-4-1751616147576","side":"sell","price":45.18,"size":4.514206418460162,"type":"limit"}},{"opId":215,"ts":1751616147582,"op":"l","o":{"id":"MOCK-ASK-PLTR-5-1751616147582","side":"sell","price":45.225,"size":5.024549538863626,"type":"limit"}},{"opId":216,"ts":1751616147586,"op":"l","o":{"id":"MOCK-ASK-PLTR-6-1751616147586","side":"sell","price":45.27,"size":0.5168588189825173,"type":"limit"}},{"opId":217,"ts":1751616147589,"op":"l","o":{"id":"MOCK-ASK-PLTR-7-1751616147589","side":"sell","price":45.315,"size":0.8845054598696566,"type":"limit"}},{"opId":218,"ts":1751616147600,"op":"l","o":{"id":"MOCK-ASK-PLTR-8-1751616147600","side":"sell","price":45.36,"size":2.3883989111136206,"type":"limit"}},{"opId":219,"ts":1751616147603,"op":"l","o":{"id":"MOCK-ASK-PLTR-9-1751616147603","side":"sell","price":45.405,"size":0.5083688787849515,"type":"limit"}},{"opId":220,"ts":1751616147606,"op":"l","o":{"id":"MOCK-ASK-PLTR-10-1751616147606","side":"sell","price":45.45,"size":2.7469569799162383,"type":"limit"}}]