[{"opId":1,"ts":1751256930788,"op":"l","o":{"id":"MOCK-BID-SNOW-1-1751256930788","side":"buy","price":119.88,"size":4.943448123748611,"type":"limit"}},{"opId":2,"ts":1751256930789,"op":"l","o":{"id":"MOCK-BID-SNOW-2-1751256930789","side":"buy","price":119.76,"size":1.2837336375135477,"type":"limit"}},{"opId":3,"ts":1751256930790,"op":"l","o":{"id":"MOCK-BID-SNOW-3-1751256930790","side":"buy","price":119.64,"size":2.931768606807219,"type":"limit"}},{"opId":4,"ts":1751256930792,"op":"l","o":{"id":"MOCK-BID-SNOW-4-1751256930792","side":"buy","price":119.52,"size":4.149200050559228,"type":"limit"}},{"opId":5,"ts":1751256930794,"op":"l","o":{"id":"MOCK-BID-SNOW-5-1751256930793","side":"buy","price":119.4,"size":4.617386390137008,"type":"limit"}},{"opId":6,"ts":1751256930795,"op":"l","o":{"id":"MOCK-BID-SNOW-6-1751256930795","side":"buy","price":119.28,"size":1.0452075336500233,"type":"limit"}},{"opId":7,"ts":1751256930796,"op":"l","o":{"id":"MOCK-BID-SNOW-7-1751256930796","side":"buy","price":119.16,"size":0.8260518940497185,"type":"limit"}},{"opId":8,"ts":1751256930798,"op":"l","o":{"id":"MOCK-BID-SNOW-8-1751256930798","side":"buy","price":119.04,"size":4.4689207988233,"type":"limit"}},{"opId":9,"ts":1751256930799,"op":"l","o":{"id":"MOCK-BID-SNOW-9-1751256930799","side":"buy","price":118.92,"size":2.7407709663335034,"type":"limit"}},{"opId":10,"ts":1751256930801,"op":"l","o":{"id":"MOCK-BID-SNOW-10-1751256930801","side":"buy","price":118.8,"size":0.8361927563402282,"type":"limit"}},{"opId":11,"ts":1751256930802,"op":"l","o":{"id":"MOCK-ASK-SNOW-1-1751256930802","side":"sell","price":120.12,"size":2.651699355549425,"type":"limit"}},{"opId":12,"ts":1751256930803,"op":"l","o":{"id":"MOCK-ASK-SNOW-2-1751256930803","side":"sell","price":120.24,"size":2.2131621560675208,"type":"limit"}},{"opId":13,"ts":1751256930804,"op":"l","o":{"id":"MOCK-ASK-SNOW-3-1751256930804","side":"sell","price":120.36,"size":2.851532079734526,"type":"limit"}},{"opId":14,"ts":1751256930806,"op":"l","o":{"id":"MOCK-ASK-SNOW-4-1751256930806","side":"sell","price":120.48,"size":1.3024984462941125,"type":"limit"}},{"opId":15,"ts":1751256930807,"op":"l","o":{"id":"MOCK-ASK-SNOW-5-1751256930807","side":"sell","price":120.6,"size":3.752464175686916,"type":"limit"}},{"opId":16,"ts":1751256930809,"op":"l","o":{"id":"MOCK-ASK-SNOW-6-1751256930809","side":"sell","price":120.72,"size":4.650061482933804,"type":"limit"}},{"opId":17,"ts":1751256930810,"op":"l","o":{"id":"MOCK-ASK-SNOW-7-1751256930810","side":"sell","price":120.84,"size":3.250298564548667,"type":"limit"}},{"opId":18,"ts":1751256930812,"op":"l","o":{"id":"MOCK-ASK-SNOW-8-1751256930812","side":"sell","price":120.96,"size":0.13373997292439924,"type":"limit"}},{"opId":19,"ts":1751256930813,"op":"l","o":{"id":"MOCK-ASK-SNOW-9-1751256930813","side":"sell","price":121.08,"size":2.8008135121457625,"type":"limit"}},{"opId":20,"ts":1751256930815,"op":"l","o":{"id":"MOCK-ASK-SNOW-10-1751256930814","side":"sell","price":121.2,"size":2.481828394731932,"type":"limit"}},{"opId":21,"ts":1751350792058,"op":"l","o":{"id":"MOCK-BID-SNOW-1-1751350792058","side":"buy","price":119.88,"size":0.23564793563993428,"type":"limit"}},{"opId":22,"ts":1751350792060,"op":"l","o":{"id":"MOCK-BID-SNOW-2-1751350792060","side":"buy","price":119.76,"size":0.8307485548729797,"type":"limit"}},{"opId":23,"ts":1751350792062,"op":"l","o":{"id":"MOCK-BID-SNOW-3-1751350792062","side":"buy","price":119.64,"size":1.342828434860367,"type":"limit"}},{"opId":24,"ts":1751350792064,"op":"l","o":{"id":"MOCK-BID-SNOW-4-1751350792064","side":"buy","price":119.52,"size":1.2655408921515088,"type":"limit"}},{"opId":25,"ts":1751350792068,"op":"l","o":{"id":"MOCK-BID-SNOW-5-1751350792068","side":"buy","price":119.4,"size":4.834853483699467,"type":"limit"}},{"opId":26,"ts":1751350792069,"op":"l","o":{"id":"MOCK-BID-SNOW-6-1751350792069","side":"buy","price":119.28,"size":2.5015645385041774,"type":"limit"}},{"opId":27,"ts":1751350792070,"op":"l","o":{"id":"MOCK-BID-SNOW-7-1751350792070","side":"buy","price":119.16,"size":3.36296042543051,"type":"limit"}},{"opId":28,"ts":1751350792071,"op":"l","o":{"id":"MOCK-BID-SNOW-8-1751350792071","side":"buy","price":119.04,"size":1.529695237517762,"type":"limit"}},{"opId":29,"ts":1751350792071,"op":"l","o":{"id":"MOCK-BID-SNOW-9-1751350792071","side":"buy","price":118.92,"size":2.7861968070076872,"type":"limit"}},{"opId":30,"ts":1751350792072,"op":"l","o":{"id":"MOCK-BID-SNOW-10-1751350792072","side":"buy","price":118.8,"size":1.6940317910907254,"type":"limit"}},{"opId":31,"ts":1751350792073,"op":"l","o":{"id":"MOCK-ASK-SNOW-1-1751350792073","side":"sell","price":120.12,"size":4.61121702539977,"type":"limit"}},{"opId":32,"ts":1751350792074,"op":"l","o":{"id":"MOCK-ASK-SNOW-2-1751350792074","side":"sell","price":120.24,"size":0.1491933288932145,"type":"limit"}},{"opId":33,"ts":1751350792075,"op":"l","o":{"id":"MOCK-ASK-SNOW-3-1751350792075","side":"sell","price":120.36,"size":1.3336753713327565,"type":"limit"}},{"opId":34,"ts":1751350792075,"op":"l","o":{"id":"MOCK-ASK-SNOW-4-1751350792075","side":"sell","price":120.48,"size":4.319304153115629,"type":"limit"}},{"opId":35,"ts":1751350792077,"op":"l","o":{"id":"MOCK-ASK-SNOW-5-1751350792077","side":"sell","price":120.6,"size":3.8326576378975976,"type":"limit"}},{"opId":36,"ts":1751350792079,"op":"l","o":{"id":"MOCK-ASK-SNOW-6-1751350792079","side":"sell","price":120.72,"size":2.732381249831245,"type":"limit"}},{"opId":37,"ts":1751350792080,"op":"l","o":{"id":"MOCK-ASK-SNOW-7-1751350792080","side":"sell","price":120.84,"size":2.564590240164497,"type":"limit"}},{"opId":38,"ts":1751350792081,"op":"l","o":{"id":"MOCK-ASK-SNOW-8-1751350792081","side":"sell","price":120.96,"size":4.264219009380526,"type":"limit"}},{"opId":39,"ts":1751350792083,"op":"l","o":{"id":"MOCK-ASK-SNOW-9-1751350792083","side":"sell","price":121.08,"size":3.580727135141825,"type":"limit"}},{"opId":40,"ts":1751350792084,"op":"l","o":{"id":"MOCK-ASK-SNOW-10-1751350792084","side":"sell","price":121.2,"size":2.070738181600842,"type":"limit"}},{"opId":41,"ts":1751351925751,"op":"l","o":{"id":"MOCK-BID-SNOW-1-1751351925751","side":"buy","price":119.88,"size":1.666440768851879,"type":"limit"}},{"opId":42,"ts":1751351925756,"op":"l","o":{"id":"MOCK-BID-SNOW-2-1751351925756","side":"buy","price":119.76,"size":0.26412253400929997,"type":"limit"}},{"opId":43,"ts":1751351925757,"op":"l","o":{"id":"MOCK-BID-SNOW-3-1751351925757","side":"buy","price":119.64,"size":4.011241032381548,"type":"limit"}},{"opId":44,"ts":1751351925758,"op":"l","o":{"id":"MOCK-BID-SNOW-4-1751351925758","side":"buy","price":119.52,"size":0.7507610563813792,"type":"limit"}},{"opId":45,"ts":1751351925760,"op":"l","o":{"id":"MOCK-BID-SNOW-5-1751351925760","side":"buy","price":119.4,"size":3.13274896540076,"type":"limit"}},{"opId":46,"ts":1751351925761,"op":"l","o":{"id":"MOCK-BID-SNOW-6-1751351925761","side":"buy","price":119.28,"size":3.088116822479948,"type":"limit"}},{"opId":47,"ts":1751351925762,"op":"l","o":{"id":"MOCK-BID-SNOW-7-1751351925762","side":"buy","price":119.16,"size":0.5299706726371055,"type":"limit"}},{"opId":48,"ts":1751351925763,"op":"l","o":{"id":"MOCK-BID-SNOW-8-1751351925762","side":"buy","price":119.04,"size":2.5998736032329894,"type":"limit"}},{"opId":49,"ts":1751351925764,"op":"l","o":{"id":"MOCK-BID-SNOW-9-1751351925764","side":"buy","price":118.92,"size":1.5988792810234975,"type":"limit"}},{"opId":50,"ts":1751351925766,"op":"l","o":{"id":"MOCK-BID-SNOW-10-1751351925765","side":"buy","price":118.8,"size":1.3596037686826012,"type":"limit"}},{"opId":51,"ts":1751351925767,"op":"l","o":{"id":"MOCK-ASK-SNOW-1-1751351925767","side":"sell","price":120.12,"size":0.10944438557954009,"type":"limit"}},{"opId":52,"ts":1751351925771,"op":"l","o":{"id":"MOCK-ASK-SNOW-2-1751351925771","side":"sell","price":120.24,"size":0.12459004816289468,"type":"limit"}},{"opId":53,"ts":1751351925772,"op":"l","o":{"id":"MOCK-ASK-SNOW-3-1751351925772","side":"sell","price":120.36,"size":3.681524456490378,"type":"limit"}},{"opId":54,"ts":1751351925773,"op":"l","o":{"id":"MOCK-ASK-SNOW-4-1751351925773","side":"sell","price":120.48,"size":4.907468339727539,"type":"limit"}},{"opId":55,"ts":1751351925775,"op":"l","o":{"id":"MOCK-ASK-SNOW-5-1751351925775","side":"sell","price":120.6,"size":2.4852123212864696,"type":"limit"}},{"opId":56,"ts":1751351925776,"op":"l","o":{"id":"MOCK-ASK-SNOW-6-1751351925776","side":"sell","price":120.72,"size":4.56101272562495,"type":"limit"}},{"opId":57,"ts":1751351925777,"op":"l","o":{"id":"MOCK-ASK-SNOW-7-1751351925777","side":"sell","price":120.84,"size":4.214215552958783,"type":"limit"}},{"opId":58,"ts":1751351925779,"op":"l","o":{"id":"MOCK-ASK-SNOW-8-1751351925779","side":"sell","price":120.96,"size":0.5729456802703868,"type":"limit"}},{"opId":59,"ts":1751351925780,"op":"l","o":{"id":"MOCK-ASK-SNOW-9-1751351925780","side":"sell","price":121.08,"size":3.3956030270669344,"type":"limit"}},{"opId":60,"ts":1751351925781,"op":"l","o":{"id":"MOCK-ASK-SNOW-10-1751351925781","side":"sell","price":121.2,"size":0.6415735654243869,"type":"limit"}},{"opId":61,"ts":1751352295796,"op":"l","o":{"id":"MOCK-BID-SNOW-1-1751352295796","side":"buy","price":119.88,"size":0.5210416252736382,"type":"limit"}},{"opId":62,"ts":1751352295798,"op":"l","o":{"id":"MOCK-BID-SNOW-2-1751352295798","side":"buy","price":119.76,"size":2.5470971144122543,"type":"limit"}},{"opId":63,"ts":1751352295799,"op":"l","o":{"id":"MOCK-BID-SNOW-3-1751352295799","side":"buy","price":119.64,"size":3.751488316689031,"type":"limit"}},{"opId":64,"ts":1751352295803,"op":"l","o":{"id":"MOCK-BID-SNOW-4-1751352295802","side":"buy","price":119.52,"size":1.598162474113446,"type":"limit"}},{"opId":65,"ts":1751352295807,"op":"l","o":{"id":"MOCK-BID-SNOW-5-1751352295807","side":"buy","price":119.4,"size":2.6103184366092322,"type":"limit"}},{"opId":66,"ts":1751352295809,"op":"l","o":{"id":"MOCK-BID-SNOW-6-1751352295809","side":"buy","price":119.28,"size":1.0816199504862134,"type":"limit"}},{"opId":67,"ts":1751352295811,"op":"l","o":{"id":"MOCK-BID-SNOW-7-1751352295811","side":"buy","price":119.16,"size":1.7956441944425539,"type":"limit"}},{"opId":68,"ts":1751352295812,"op":"l","o":{"id":"MOCK-BID-SNOW-8-1751352295812","side":"buy","price":119.04,"size":4.212190432134177,"type":"limit"}},{"opId":69,"ts":1751352295813,"op":"l","o":{"id":"MOCK-BID-SNOW-9-1751352295813","side":"buy","price":118.92,"size":4.482950300806614,"type":"limit"}},{"opId":70,"ts":1751352295814,"op":"l","o":{"id":"MOCK-BID-SNOW-10-1751352295814","side":"buy","price":118.8,"size":0.4079082004905076,"type":"limit"}},{"opId":71,"ts":1751352295816,"op":"l","o":{"id":"MOCK-ASK-SNOW-1-1751352295816","side":"sell","price":120.12,"size":3.3953353390899275,"type":"limit"}},{"opId":72,"ts":1751352295820,"op":"l","o":{"id":"MOCK-ASK-SNOW-2-1751352295819","side":"sell","price":120.24,"size":1.19906531694571,"type":"limit"}},{"opId":73,"ts":1751352295826,"op":"l","o":{"id":"MOCK-ASK-SNOW-3-1751352295825","side":"sell","price":120.36,"size":1.1960017790729682,"type":"limit"}},{"opId":74,"ts":1751352295827,"op":"l","o":{"id":"MOCK-ASK-SNOW-4-1751352295827","side":"sell","price":120.48,"size":4.2400049120048315,"type":"limit"}},{"opId":75,"ts":1751352295829,"op":"l","o":{"id":"MOCK-ASK-SNOW-5-1751352295829","side":"sell","price":120.6,"size":4.29024183735471,"type":"limit"}},{"opId":76,"ts":1751352295830,"op":"l","o":{"id":"MOCK-ASK-SNOW-6-1751352295830","side":"sell","price":120.72,"size":3.57188932063733,"type":"limit"}},{"opId":77,"ts":1751352295832,"op":"l","o":{"id":"MOCK-ASK-SNOW-7-1751352295832","side":"sell","price":120.84,"size":2.017066586754379,"type":"limit"}},{"opId":78,"ts":1751352295837,"op":"l","o":{"id":"MOCK-ASK-SNOW-8-1751352295834","side":"sell","price":120.96,"size":2.739824945481455,"type":"limit"}},{"opId":79,"ts":1751352295841,"op":"l","o":{"id":"MOCK-ASK-SNOW-9-1751352295841","side":"sell","price":121.08,"size":2.562847593912343,"type":"limit"}},{"opId":80,"ts":1751352295843,"op":"l","o":{"id":"MOCK-ASK-SNOW-10-1751352295843","side":"sell","price":121.2,"size":2.3977474624784834,"type":"limit"}},{"opId":81,"ts":1751354317263,"op":"l","o":{"id":"MOCK-BID-SNOW-1-1751354317263","side":"buy","price":119.88,"size":4.343603095588617,"type":"limit"}},{"opId":82,"ts":1751354317269,"op":"l","o":{"id":"MOCK-BID-SNOW-2-1751354317269","side":"buy","price":119.76,"size":4.355749878833301,"type":"limit"}},{"opId":83,"ts":1751354317273,"op":"l","o":{"id":"MOCK-BID-SNOW-3-1751354317273","side":"buy","price":119.64,"size":3.736134701180139,"type":"limit"}},{"opId":84,"ts":1751354317275,"op":"l","o":{"id":"MOCK-BID-SNOW-4-1751354317275","side":"buy","price":119.52,"size":3.2954608865342405,"type":"limit"}},{"opId":85,"ts":1751354317278,"op":"l","o":{"id":"MOCK-BID-SNOW-5-1751354317277","side":"buy","price":119.4,"size":2.84193023756237,"type":"limit"}},{"opId":86,"ts":1751354317280,"op":"l","o":{"id":"MOCK-BID-SNOW-6-1751354317280","side":"buy","price":119.28,"size":0.6458576698783124,"type":"limit"}},{"opId":87,"ts":1751354317282,"op":"l","o":{"id":"MOCK-BID-SNOW-7-1751354317282","side":"buy","price":119.16,"size":4.341269414113022,"type":"limit"}},{"opId":88,"ts":1751354317288,"op":"l","o":{"id":"MOCK-BID-SNOW-8-1751354317288","side":"buy","price":119.04,"size":0.13300295070808646,"type":"limit"}},{"opId":89,"ts":1751354317291,"op":"l","o":{"id":"MOCK-BID-SNOW-9-1751354317291","side":"buy","price":118.92,"size":1.7254177961624895,"type":"limit"}},{"opId":90,"ts":1751354317293,"op":"l","o":{"id":"MOCK-BID-SNOW-10-1751354317293","side":"buy","price":118.8,"size":2.547850815628371,"type":"limit"}},{"opId":91,"ts":1751354317296,"op":"l","o":{"id":"MOCK-ASK-SNOW-1-1751354317296","side":"sell","price":120.12,"size":1.6226181680327723,"type":"limit"}},{"opId":92,"ts":1751354317301,"op":"l","o":{"id":"MOCK-ASK-SNOW-2-1751354317301","side":"sell","price":120.24,"size":2.631248147649369,"type":"limit"}},{"opId":93,"ts":1751354317305,"op":"l","o":{"id":"MOCK-ASK-SNOW-3-1751354317305","side":"sell","price":120.36,"size":0.6432927549439981,"type":"limit"}},{"opId":94,"ts":1751354317307,"op":"l","o":{"id":"MOCK-ASK-SNOW-4-1751354317307","side":"sell","price":120.48,"size":1.228444825059093,"type":"limit"}},{"opId":95,"ts":1751354317310,"op":"l","o":{"id":"MOCK-ASK-SNOW-5-1751354317310","side":"sell","price":120.6,"size":2.225586454673356,"type":"limit"}},{"opId":96,"ts":1751354317313,"op":"l","o":{"id":"MOCK-ASK-SNOW-6-1751354317313","side":"sell","price":120.72,"size":1.3653160604016956,"type":"limit"}},{"opId":97,"ts":1751354317319,"op":"l","o":{"id":"MOCK-ASK-SNOW-7-1751354317319","side":"sell","price":120.84,"size":1.7260269269333461,"type":"limit"}},{"opId":98,"ts":1751354317324,"op":"l","o":{"id":"MOCK-ASK-SNOW-8-1751354317323","side":"sell","price":120.96,"size":4.3896180044818,"type":"limit"}},{"opId":99,"ts":1751354317326,"op":"l","o":{"id":"MOCK-ASK-SNOW-9-1751354317326","side":"sell","price":121.08,"size":2.0673996706395137,"type":"limit"}},{"opId":100,"ts":1751354317328,"op":"l","o":{"id":"MOCK-ASK-SNOW-10-1751354317328","side":"sell","price":121.2,"size":2.548398923152139,"type":"limit"}},{"opId":101,"ts":1751362208912,"op":"l","o":{"id":"MOCK-BID-SNOW-1-1751362208912","side":"buy","price":119.88,"size":2.7528063292798732,"type":"limit"}},{"opId":102,"ts":1751362208938,"op":"l","o":{"id":"MOCK-BID-SNOW-2-1751362208938","side":"buy","price":119.76,"size":1.4995318773435085,"type":"limit"}},{"opId":103,"ts":1751362208941,"op":"l","o":{"id":"MOCK-BID-SNOW-3-1751362208941","side":"buy","price":119.64,"size":0.8945680079479689,"type":"limit"}},{"opId":104,"ts":1751362208954,"op":"l","o":{"id":"MOCK-BID-SNOW-4-1751362208954","side":"buy","price":119.52,"size":4.860808713704948,"type":"limit"}},{"opId":105,"ts":1751362208961,"op":"l","o":{"id":"MOCK-BID-SNOW-5-1751362208960","side":"buy","price":119.4,"size":4.256373179579001,"type":"limit"}},{"opId":106,"ts":1751362208963,"op":"l","o":{"id":"MOCK-BID-SNOW-6-1751362208962","side":"buy","price":119.28,"size":2.826120754645428,"type":"limit"}},{"opId":107,"ts":1751362208964,"op":"l","o":{"id":"MOCK-BID-SNOW-7-1751362208964","side":"buy","price":119.16,"size":4.399258895359435,"type":"limit"}},{"opId":108,"ts":1751362208966,"op":"l","o":{"id":"MOCK-BID-SNOW-8-1751362208966","side":"buy","price":119.04,"size":3.431435912087397,"type":"limit"}},{"opId":109,"ts":1751362208967,"op":"l","o":{"id":"MOCK-BID-SNOW-9-1751362208967","side":"buy","price":118.92,"size":4.515719259081666,"type":"limit"}},{"opId":110,"ts":1751362208968,"op":"l","o":{"id":"MOCK-BID-SNOW-10-1751362208968","side":"buy","price":118.8,"size":0.9625926931422745,"type":"limit"}},{"opId":111,"ts":1751362208970,"op":"l","o":{"id":"MOCK-ASK-SNOW-1-1751362208970","side":"sell","price":120.12,"size":2.7441790381632436,"type":"limit"}},{"opId":112,"ts":1751362208971,"op":"l","o":{"id":"MOCK-ASK-SNOW-2-1751362208971","side":"sell","price":120.24,"size":1.0959599974314027,"type":"limit"}},{"opId":113,"ts":1751362208972,"op":"l","o":{"id":"MOCK-ASK-SNOW-3-1751362208972","side":"sell","price":120.36,"size":4.122270788212737,"type":"limit"}},{"opId":114,"ts":1751362208973,"op":"l","o":{"id":"MOCK-ASK-SNOW-4-1751362208973","side":"sell","price":120.48,"size":0.8895440175738066,"type":"limit"}},{"opId":115,"ts":1751362208974,"op":"l","o":{"id":"MOCK-ASK-SNOW-5-1751362208974","side":"sell","price":120.6,"size":1.2621528074908939,"type":"limit"}},{"opId":116,"ts":1751362208976,"op":"l","o":{"id":"MOCK-ASK-SNOW-6-1751362208976","side":"sell","price":120.72,"size":2.614199361523434,"type":"limit"}},{"opId":117,"ts":1751362208978,"op":"l","o":{"id":"MOCK-ASK-SNOW-7-1751362208978","side":"sell","price":120.84,"size":3.086567103829194,"type":"limit"}},{"opId":118,"ts":1751362208979,"op":"l","o":{"id":"MOCK-ASK-SNOW-8-1751362208979","side":"sell","price":120.96,"size":4.95720448403074,"type":"limit"}},{"opId":119,"ts":1751362208981,"op":"l","o":{"id":"MOCK-ASK-SNOW-9-1751362208981","side":"sell","price":121.08,"size":1.4673276601932062,"type":"limit"}},{"opId":120,"ts":1751362208984,"op":"l","o":{"id":"MOCK-ASK-SNOW-10-1751362208984","side":"sell","price":121.2,"size":2.6013102559113324,"type":"limit"}},{"opId":121,"ts":1751362439879,"op":"l","o":{"id":"MOCK-BID-SNOW-1-1751362439879","side":"buy","price":119.88,"size":3.4273218198362545,"type":"limit"}},{"opId":122,"ts":1751362439881,"op":"l","o":{"id":"MOCK-BID-SNOW-2-1751362439881","side":"buy","price":119.76,"size":3.5753904715897544,"type":"limit"}},{"opId":123,"ts":1751362439882,"op":"l","o":{"id":"MOCK-BID-SNOW-3-1751362439882","side":"buy","price":119.64,"size":1.3434298638488784,"type":"limit"}},{"opId":124,"ts":1751362439884,"op":"l","o":{"id":"MOCK-BID-SNOW-4-1751362439884","side":"buy","price":119.52,"size":2.373739562837057,"type":"limit"}},{"opId":125,"ts":1751362439886,"op":"l","o":{"id":"MOCK-BID-SNOW-5-1751362439885","side":"buy","price":119.4,"size":4.995995076361328,"type":"limit"}},{"opId":126,"ts":1751362439887,"op":"l","o":{"id":"MOCK-BID-SNOW-6-1751362439887","side":"buy","price":119.28,"size":4.582419145580362,"type":"limit"}},{"opId":127,"ts":1751362439888,"op":"l","o":{"id":"MOCK-BID-SNOW-7-1751362439888","side":"buy","price":119.16,"size":4.8318177986728115,"type":"limit"}},{"opId":128,"ts":1751362439891,"op":"l","o":{"id":"MOCK-BID-SNOW-8-1751362439891","side":"buy","price":119.04,"size":3.3298545222626905,"type":"limit"}},{"opId":129,"ts":1751362439893,"op":"l","o":{"id":"MOCK-BID-SNOW-9-1751362439893","side":"buy","price":118.92,"size":0.25957198848900676,"type":"limit"}},{"opId":130,"ts":1751362439894,"op":"l","o":{"id":"MOCK-BID-SNOW-10-1751362439894","side":"buy","price":118.8,"size":4.117806278459006,"type":"limit"}},{"opId":131,"ts":1751362439895,"op":"l","o":{"id":"MOCK-ASK-SNOW-1-1751362439895","side":"sell","price":120.12,"size":3.98870776288778,"type":"limit"}},{"opId":132,"ts":1751362439897,"op":"l","o":{"id":"MOCK-ASK-SNOW-2-1751362439897","side":"sell","price":120.24,"size":0.15136074510196265,"type":"limit"}},{"opId":133,"ts":1751362439899,"op":"l","o":{"id":"MOCK-ASK-SNOW-3-1751362439899","side":"sell","price":120.36,"size":0.941311941650894,"type":"limit"}},{"opId":134,"ts":1751362439903,"op":"l","o":{"id":"MOCK-ASK-SNOW-4-1751362439903","side":"sell","price":120.48,"size":3.986434894103447,"type":"limit"}},{"opId":135,"ts":1751362439905,"op":"l","o":{"id":"MOCK-ASK-SNOW-5-1751362439905","side":"sell","price":120.6,"size":2.1076659581348434,"type":"limit"}},{"opId":136,"ts":1751362439908,"op":"l","o":{"id":"MOCK-ASK-SNOW-6-1751362439908","side":"sell","price":120.72,"size":1.0202382321681136,"type":"limit"}},{"opId":137,"ts":1751362439910,"op":"l","o":{"id":"MOCK-ASK-SNOW-7-1751362439910","side":"sell","price":120.84,"size":0.6123760270058952,"type":"limit"}},{"opId":138,"ts":1751362439914,"op":"l","o":{"id":"MOCK-ASK-SNOW-8-1751362439914","side":"sell","price":120.96,"size":4.0128041208057175,"type":"limit"}},{"opId":139,"ts":1751362439916,"op":"l","o":{"id":"MOCK-ASK-SNOW-9-1751362439916","side":"sell","price":121.08,"size":4.122811724804085,"type":"limit"}},{"opId":140,"ts":1751362439917,"op":"l","o":{"id":"MOCK-ASK-SNOW-10-1751362439917","side":"sell","price":121.2,"size":4.99916622511774,"type":"limit"}},{"opId":141,"ts":1751362636071,"op":"l","o":{"id":"MOCK-BID-SNOW-1-1751362636071","side":"buy","price":119.88,"size":2.4905881053917844,"type":"limit"}},{"opId":142,"ts":1751362636073,"op":"l","o":{"id":"MOCK-BID-SNOW-2-1751362636073","side":"buy","price":119.76,"size":2.335214776805509,"type":"limit"}},{"opId":143,"ts":1751362636074,"op":"l","o":{"id":"MOCK-BID-SNOW-3-1751362636074","side":"buy","price":119.64,"size":2.076306096724457,"type":"limit"}},{"opId":144,"ts":1751362636075,"op":"l","o":{"id":"MOCK-BID-SNOW-4-1751362636075","side":"buy","price":119.52,"size":2.350517244459033,"type":"limit"}},{"opId":145,"ts":1751362636078,"op":"l","o":{"id":"MOCK-BID-SNOW-5-1751362636078","side":"buy","price":119.4,"size":2.239131714503788,"type":"limit"}},{"opId":146,"ts":1751362636080,"op":"l","o":{"id":"MOCK-BID-SNOW-6-1751362636080","side":"buy","price":119.28,"size":3.0159173647752966,"type":"limit"}},{"opId":147,"ts":1751362636081,"op":"l","o":{"id":"MOCK-BID-SNOW-7-1751362636081","side":"buy","price":119.16,"size":3.766968502678043,"type":"limit"}},{"opId":148,"ts":1751362636082,"op":"l","o":{"id":"MOCK-BID-SNOW-8-1751362636082","side":"buy","price":119.04,"size":1.9520435321919893,"type":"limit"}},{"opId":149,"ts":1751362636084,"op":"l","o":{"id":"MOCK-BID-SNOW-9-1751362636083","side":"buy","price":118.92,"size":1.4774672986837367,"type":"limit"}},{"opId":150,"ts":1751362636085,"op":"l","o":{"id":"MOCK-BID-SNOW-10-1751362636085","side":"buy","price":118.8,"size":1.6046503147133873,"type":"limit"}},{"opId":151,"ts":1751362636088,"op":"l","o":{"id":"MOCK-ASK-SNOW-1-1751362636088","side":"sell","price":120.12,"size":2.382371817463824,"type":"limit"}},{"opId":152,"ts":1751362636089,"op":"l","o":{"id":"MOCK-ASK-SNOW-2-1751362636089","side":"sell","price":120.24,"size":3.2195137799140547,"type":"limit"}},{"opId":153,"ts":1751362636091,"op":"l","o":{"id":"MOCK-ASK-SNOW-3-1751362636091","side":"sell","price":120.36,"size":2.3347656470933065,"type":"limit"}},{"opId":154,"ts":1751362636092,"op":"l","o":{"id":"MOCK-ASK-SNOW-4-1751362636092","side":"sell","price":120.48,"size":1.2769933245291765,"type":"limit"}},{"opId":155,"ts":1751362636095,"op":"l","o":{"id":"MOCK-ASK-SNOW-5-1751362636095","side":"sell","price":120.6,"size":4.186456073139684,"type":"limit"}},{"opId":156,"ts":1751362636096,"op":"l","o":{"id":"MOCK-ASK-SNOW-6-1751362636096","side":"sell","price":120.72,"size":0.7647293629260553,"type":"limit"}},{"opId":157,"ts":1751362636098,"op":"l","o":{"id":"MOCK-ASK-SNOW-7-1751362636098","side":"sell","price":120.84,"size":1.175556734874209,"type":"limit"}},{"opId":158,"ts":1751362636100,"op":"l","o":{"id":"MOCK-ASK-SNOW-8-1751362636100","side":"sell","price":120.96,"size":2.261405970553161,"type":"limit"}},{"opId":159,"ts":1751362636102,"op":"l","o":{"id":"MOCK-ASK-SNOW-9-1751362636102","side":"sell","price":121.08,"size":1.7057563097152062,"type":"limit"}},{"opId":160,"ts":1751362636106,"op":"l","o":{"id":"MOCK-ASK-SNOW-10-1751362636106","side":"sell","price":121.2,"size":2.134153539507957,"type":"limit"}}]