[{"opId":1,"ts":1751256025858,"op":"l","o":{"id":"MOCK-BID-SOL-USDC-1-1751256025858","side":"buy","price":199.8,"size":0.1730966931206556,"type":"limit"}},{"opId":2,"ts":1751256025860,"op":"l","o":{"id":"MOCK-BID-SOL-USDC-2-1751256025860","side":"buy","price":199.6,"size":2.645377047832018,"type":"limit"}},{"opId":3,"ts":1751256025863,"op":"l","o":{"id":"MOCK-BID-SOL-USDC-3-1751256025862","side":"buy","price":199.4,"size":3.599627231528968,"type":"limit"}},{"opId":4,"ts":1751256025866,"op":"l","o":{"id":"MOCK-BID-SOL-USDC-4-1751256025866","side":"buy","price":199.2,"size":3.5971967396538838,"type":"limit"}},{"opId":5,"ts":1751256025868,"op":"l","o":{"id":"MOCK-BID-SOL-USDC-5-1751256025868","side":"buy","price":199,"size":0.3813166712384163,"type":"limit"}},{"opId":6,"ts":1751256025870,"op":"l","o":{"id":"MOCK-BID-SOL-USDC-6-1751256025870","side":"buy","price":198.8,"size":3.6797465083405814,"type":"limit"}},{"opId":7,"ts":1751256025872,"op":"l","o":{"id":"MOCK-BID-SOL-USDC-7-1751256025872","side":"buy","price":198.6,"size":2.7774187018790775,"type":"limit"}},{"opId":8,"ts":1751256025873,"op":"l","o":{"id":"MOCK-BID-SOL-USDC-8-1751256025873","side":"buy","price":198.4,"size":1.6519085180876003,"type":"limit"}},{"opId":9,"ts":1751256025875,"op":"l","o":{"id":"MOCK-BID-SOL-USDC-9-1751256025875","side":"buy","price":198.2,"size":1.3541857509394795,"type":"limit"}},{"opId":10,"ts":1751256025876,"op":"l","o":{"id":"MOCK-BID-SOL-USDC-10-1751256025876","side":"buy","price":198,"size":2.8069232004200684,"type":"limit"}},{"opId":11,"ts":1751256025878,"op":"l","o":{"id":"MOCK-ASK-SOL-USDC-1-1751256025878","side":"sell","price":200.2,"size":0.7528818136202341,"type":"limit"}},{"opId":12,"ts":1751256025881,"op":"l","o":{"id":"MOCK-ASK-SOL-USDC-2-1751256025881","side":"sell","price":200.4,"size":0.8210401052711357,"type":"limit"}},{"opId":13,"ts":1751256025885,"op":"l","o":{"id":"MOCK-ASK-SOL-USDC-3-1751256025885","side":"sell","price":200.6,"size":1.1403842869268366,"type":"limit"}},{"opId":14,"ts":1751256025886,"op":"l","o":{"id":"MOCK-ASK-SOL-USDC-4-1751256025886","side":"sell","price":200.8,"size":1.1295177369724196,"type":"limit"}},{"opId":15,"ts":1751256025887,"op":"l","o":{"id":"MOCK-ASK-SOL-USDC-5-1751256025887","side":"sell","price":201,"size":4.293061495587551,"type":"limit"}},{"opId":16,"ts":1751256025888,"op":"l","o":{"id":"MOCK-ASK-SOL-USDC-6-1751256025888","side":"sell","price":201.2,"size":4.149486623373912,"type":"limit"}},{"opId":17,"ts":1751256025890,"op":"l","o":{"id":"MOCK-ASK-SOL-USDC-7-1751256025890","side":"sell","price":201.4,"size":3.9744413099377973,"type":"limit"}},{"opId":18,"ts":1751256025891,"op":"l","o":{"id":"MOCK-ASK-SOL-USDC-8-1751256025891","side":"sell","price":201.6,"size":3.619514047588933,"type":"limit"}},{"opId":19,"ts":1751256025893,"op":"l","o":{"id":"MOCK-ASK-SOL-USDC-9-1751256025893","side":"sell","price":201.8,"size":2.72094554575534,"type":"limit"}},{"opId":20,"ts":1751256025895,"op":"l","o":{"id":"MOCK-ASK-SOL-USDC-10-1751256025894","side":"sell","price":202,"size":3.417887549961487,"type":"limit"}},{"opId":21,"ts":1751256053974,"op":"l","o":{"id":"MOCK-BID-SOL-USDC-1-1751256053974","side":"buy","price":199.8,"size":2.9449638774692546,"type":"limit"}},{"opId":22,"ts":1751256053975,"op":"l","o":{"id":"MOCK-BID-SOL-USDC-2-1751256053975","side":"buy","price":199.6,"size":0.1250697961551738,"type":"limit"}},{"opId":23,"ts":1751256053979,"op":"l","o":{"id":"MOCK-BID-SOL-USDC-3-1751256053979","side":"buy","price":199.4,"size":4.9801591462362484,"type":"limit"}},{"opId":24,"ts":1751256053983,"op":"l","o":{"id":"MOCK-BID-SOL-USDC-4-1751256053983","side":"buy","price":199.2,"size":3.894666069704198,"type":"limit"}},{"opId":25,"ts":1751256053985,"op":"l","o":{"id":"MOCK-BID-SOL-USDC-5-1751256053985","side":"buy","price":199,"size":2.5344761837118446,"type":"limit"}},{"opId":26,"ts":1751256053986,"op":"l","o":{"id":"MOCK-BID-SOL-USDC-6-1751256053986","side":"buy","price":198.8,"size":0.7642786342019724,"type":"limit"}},{"opId":27,"ts":1751256053988,"op":"l","o":{"id":"MOCK-BID-SOL-USDC-7-1751256053988","side":"buy","price":198.6,"size":1.9305486513287018,"type":"limit"}},{"opId":28,"ts":1751256053989,"op":"l","o":{"id":"MOCK-BID-SOL-USDC-8-1751256053989","side":"buy","price":198.4,"size":2.2682542951752316,"type":"limit"}},{"opId":29,"ts":1751256053990,"op":"l","o":{"id":"MOCK-BID-SOL-USDC-9-1751256053990","side":"buy","price":198.2,"size":1.371406085310627,"type":"limit"}},{"opId":30,"ts":1751256053991,"op":"l","o":{"id":"MOCK-BID-SOL-USDC-10-1751256053991","side":"buy","price":198,"size":1.2170381846934397,"type":"limit"}},{"opId":31,"ts":1751256053997,"op":"l","o":{"id":"MOCK-ASK-SOL-USDC-1-1751256053997","side":"sell","price":200.2,"size":3.696090525891118,"type":"limit"}},{"opId":32,"ts":1751256054002,"op":"l","o":{"id":"MOCK-ASK-SOL-USDC-2-1751256054002","side":"sell","price":200.4,"size":2.5104297027784894,"type":"limit"}},{"opId":33,"ts":1751256054004,"op":"l","o":{"id":"MOCK-ASK-SOL-USDC-3-1751256054004","side":"sell","price":200.6,"size":2.4590783675887873,"type":"limit"}},{"opId":34,"ts":1751256054006,"op":"l","o":{"id":"MOCK-ASK-SOL-USDC-4-1751256054005","side":"sell","price":200.8,"size":3.7278472703995216,"type":"limit"}},{"opId":35,"ts":1751256054007,"op":"l","o":{"id":"MOCK-ASK-SOL-USDC-5-1751256054007","side":"sell","price":201,"size":3.5613600007912183,"type":"limit"}},{"opId":36,"ts":1751256054009,"op":"l","o":{"id":"MOCK-ASK-SOL-USDC-6-1751256054009","side":"sell","price":201.2,"size":2.0559374000760644,"type":"limit"}},{"opId":37,"ts":1751256054015,"op":"l","o":{"id":"MOCK-ASK-SOL-USDC-7-1751256054015","side":"sell","price":201.4,"size":1.3399041149877189,"type":"limit"}},{"opId":38,"ts":1751256054018,"op":"l","o":{"id":"MOCK-ASK-SOL-USDC-8-1751256054018","side":"sell","price":201.6,"size":0.7957182119521243,"type":"limit"}},{"opId":39,"ts":1751256054019,"op":"l","o":{"id":"MOCK-ASK-SOL-USDC-9-1751256054019","side":"sell","price":201.8,"size":2.2640839850475305,"type":"limit"}},{"opId":40,"ts":1751256054020,"op":"l","o":{"id":"MOCK-ASK-SOL-USDC-10-1751256054020","side":"sell","price":202,"size":1.718325783714475,"type":"limit"}},{"opId":41,"ts":1751256543224,"op":"l","o":{"id":"MOCK-BID-SOL-USDC-1-1751256543224","side":"buy","price":199.8,"size":3.275285229386974,"type":"limit"}},{"opId":42,"ts":1751256543226,"op":"l","o":{"id":"MOCK-BID-SOL-USDC-2-1751256543226","side":"buy","price":199.6,"size":4.28564823561454,"type":"limit"}},{"opId":43,"ts":1751256543228,"op":"l","o":{"id":"MOCK-BID-SOL-USDC-3-1751256543228","side":"buy","price":199.4,"size":3.9766537295402125,"type":"limit"}},{"opId":44,"ts":1751256543230,"op":"l","o":{"id":"MOCK-BID-SOL-USDC-4-1751256543229","side":"buy","price":199.2,"size":0.9296264574909107,"type":"limit"}},{"opId":45,"ts":1751256543232,"op":"l","o":{"id":"MOCK-BID-SOL-USDC-5-1751256543232","side":"buy","price":199,"size":3.6920938009461044,"type":"limit"}},{"opId":46,"ts":1751256543234,"op":"l","o":{"id":"MOCK-BID-SOL-USDC-6-1751256543234","side":"buy","price":198.8,"size":4.121626898250634,"type":"limit"}},{"opId":47,"ts":1751256543240,"op":"l","o":{"id":"MOCK-BID-SOL-USDC-7-1751256543239","side":"buy","price":198.6,"size":3.209139737663856,"type":"limit"}},{"opId":48,"ts":1751256543244,"op":"l","o":{"id":"MOCK-BID-SOL-USDC-8-1751256543243","side":"buy","price":198.4,"size":2.724550361005672,"type":"limit"}},{"opId":49,"ts":1751256543245,"op":"l","o":{"id":"MOCK-BID-SOL-USDC-9-1751256543245","side":"buy","price":198.2,"size":3.176716970751572,"type":"limit"}},{"opId":50,"ts":1751256543248,"op":"l","o":{"id":"MOCK-BID-SOL-USDC-10-1751256543248","side":"buy","price":198,"size":1.5363159668368231,"type":"limit"}},{"opId":51,"ts":1751256543256,"op":"l","o":{"id":"MOCK-ASK-SOL-USDC-1-1751256543255","side":"sell","price":200.2,"size":2.211320328150611,"type":"limit"}},{"opId":52,"ts":1751256543258,"op":"l","o":{"id":"MOCK-ASK-SOL-USDC-2-1751256543258","side":"sell","price":200.4,"size":0.4925366363043059,"type":"limit"}},{"opId":53,"ts":1751256543261,"op":"l","o":{"id":"MOCK-ASK-SOL-USDC-3-1751256543260","side":"sell","price":200.6,"size":0.1163253974980604,"type":"limit"}},{"opId":54,"ts":1751256543263,"op":"l","o":{"id":"MOCK-ASK-SOL-USDC-4-1751256543263","side":"sell","price":200.8,"size":0.6939662704418991,"type":"limit"}},{"opId":55,"ts":1751256543265,"op":"l","o":{"id":"MOCK-ASK-SOL-USDC-5-1751256543265","side":"sell","price":201,"size":0.75770759960734,"type":"limit"}},{"opId":56,"ts":1751256543267,"op":"l","o":{"id":"MOCK-ASK-SOL-USDC-6-1751256543267","side":"sell","price":201.2,"size":0.43083867097765005,"type":"limit"}},{"opId":57,"ts":1751256543269,"op":"l","o":{"id":"MOCK-ASK-SOL-USDC-7-1751256543269","side":"sell","price":201.4,"size":4.440014419081985,"type":"limit"}},{"opId":58,"ts":1751256543273,"op":"l","o":{"id":"MOCK-ASK-SOL-USDC-8-1751256543273","side":"sell","price":201.6,"size":3.528543436601077,"type":"limit"}},{"opId":59,"ts":1751256543275,"op":"l","o":{"id":"MOCK-ASK-SOL-USDC-9-1751256543275","side":"sell","price":201.8,"size":2.624601782185699,"type":"limit"}},{"opId":60,"ts":1751256543277,"op":"l","o":{"id":"MOCK-ASK-SOL-USDC-10-1751256543277","side":"sell","price":202,"size":3.3253155389675015,"type":"limit"}},{"opId":61,"ts":1751256930512,"op":"l","o":{"id":"MOCK-BID-SOL-USDC-1-1751256930512","side":"buy","price":199.8,"size":4.855765946812536,"type":"limit"}},{"opId":62,"ts":1751256930514,"op":"l","o":{"id":"MOCK-BID-SOL-USDC-2-1751256930514","side":"buy","price":199.6,"size":3.0534437004023296,"type":"limit"}},{"opId":63,"ts":1751256930516,"op":"l","o":{"id":"MOCK-BID-SOL-USDC-3-1751256930516","side":"buy","price":199.4,"size":2.063191630296921,"type":"limit"}},{"opId":64,"ts":1751256930518,"op":"l","o":{"id":"MOCK-BID-SOL-USDC-4-1751256930518","side":"buy","price":199.2,"size":1.5233635257245726,"type":"limit"}},{"opId":65,"ts":1751256930520,"op":"l","o":{"id":"MOCK-BID-SOL-USDC-5-1751256930520","side":"buy","price":199,"size":4.826368704858675,"type":"limit"}},{"opId":66,"ts":1751256930522,"op":"l","o":{"id":"MOCK-BID-SOL-USDC-6-1751256930522","side":"buy","price":198.8,"size":1.6957587414463482,"type":"limit"}},{"opId":67,"ts":1751256930524,"op":"l","o":{"id":"MOCK-BID-SOL-USDC-7-1751256930524","side":"buy","price":198.6,"size":4.398455408666037,"type":"limit"}},{"opId":68,"ts":1751256930528,"op":"l","o":{"id":"MOCK-BID-SOL-USDC-8-1751256930528","side":"buy","price":198.4,"size":1.022073504360147,"type":"limit"}},{"opId":69,"ts":1751256930531,"op":"l","o":{"id":"MOCK-BID-SOL-USDC-9-1751256930531","side":"buy","price":198.2,"size":5.011488314017951,"type":"limit"}},{"opId":70,"ts":1751256930533,"op":"l","o":{"id":"MOCK-BID-SOL-USDC-10-1751256930533","side":"buy","price":198,"size":3.2725206742399204,"type":"limit"}},{"opId":71,"ts":1751256930535,"op":"l","o":{"id":"MOCK-ASK-SOL-USDC-1-1751256930535","side":"sell","price":200.2,"size":2.222638350601427,"type":"limit"}},{"opId":72,"ts":1751256930537,"op":"l","o":{"id":"MOCK-ASK-SOL-USDC-2-1751256930537","side":"sell","price":200.4,"size":4.0298975653090885,"type":"limit"}},{"opId":73,"ts":1751256930539,"op":"l","o":{"id":"MOCK-ASK-SOL-USDC-3-1751256930539","side":"sell","price":200.6,"size":0.5327980887386207,"type":"limit"}},{"opId":74,"ts":1751256930541,"op":"l","o":{"id":"MOCK-ASK-SOL-USDC-4-1751256930541","side":"sell","price":200.8,"size":2.80420630791521,"type":"limit"}},{"opId":75,"ts":1751256930544,"op":"l","o":{"id":"MOCK-ASK-SOL-USDC-5-1751256930543","side":"sell","price":201,"size":3.3900465749783923,"type":"limit"}},{"opId":76,"ts":1751256930549,"op":"l","o":{"id":"MOCK-ASK-SOL-USDC-6-1751256930549","side":"sell","price":201.2,"size":2.9118912456538215,"type":"limit"}},{"opId":77,"ts":1751256930554,"op":"l","o":{"id":"MOCK-ASK-SOL-USDC-7-1751256930554","side":"sell","price":201.4,"size":0.9298635807879428,"type":"limit"}},{"opId":78,"ts":1751256930555,"op":"l","o":{"id":"MOCK-ASK-SOL-USDC-8-1751256930555","side":"sell","price":201.6,"size":1.8302524975424816,"type":"limit"}},{"opId":79,"ts":1751256930558,"op":"l","o":{"id":"MOCK-ASK-SOL-USDC-9-1751256930558","side":"sell","price":201.8,"size":0.4737440001847236,"type":"limit"}},{"opId":80,"ts":1751256930561,"op":"l","o":{"id":"MOCK-ASK-SOL-USDC-10-1751256930560","side":"sell","price":202,"size":0.25464025635752663,"type":"limit"}},{"opId":81,"ts":1751350791746,"op":"l","o":{"id":"MOCK-BID-SOL-USDC-1-1751350791746","side":"buy","price":199.8,"size":4.289338447773087,"type":"limit"}},{"opId":82,"ts":1751350791748,"op":"l","o":{"id":"MOCK-BID-SOL-USDC-2-1751350791748","side":"buy","price":199.6,"size":3.4683293402478776,"type":"limit"}},{"opId":83,"ts":1751350791750,"op":"l","o":{"id":"MOCK-BID-SOL-USDC-3-1751350791750","side":"buy","price":199.4,"size":0.37999070559400205,"type":"limit"}},{"opId":84,"ts":1751350791751,"op":"l","o":{"id":"MOCK-BID-SOL-USDC-4-1751350791751","side":"buy","price":199.2,"size":2.555676122589292,"type":"limit"}},{"opId":85,"ts":1751350791752,"op":"l","o":{"id":"MOCK-BID-SOL-USDC-5-1751350791752","side":"buy","price":199,"size":0.679548138799324,"type":"limit"}},{"opId":86,"ts":1751350791758,"op":"l","o":{"id":"MOCK-BID-SOL-USDC-6-1751350791757","side":"buy","price":198.8,"size":3.9804910488502077,"type":"limit"}},{"opId":87,"ts":1751350791762,"op":"l","o":{"id":"MOCK-BID-SOL-USDC-7-1751350791762","side":"buy","price":198.6,"size":1.1026180193376156,"type":"limit"}},{"opId":88,"ts":1751350791766,"op":"l","o":{"id":"MOCK-BID-SOL-USDC-8-1751350791766","side":"buy","price":198.4,"size":2.8353748538620196,"type":"limit"}},{"opId":89,"ts":1751350791768,"op":"l","o":{"id":"MOCK-BID-SOL-USDC-9-1751350791768","side":"buy","price":198.2,"size":2.3918902570429093,"type":"limit"}},{"opId":90,"ts":1751350791771,"op":"l","o":{"id":"MOCK-BID-SOL-USDC-10-1751350791771","side":"buy","price":198,"size":5.072734469479499,"type":"limit"}},{"opId":91,"ts":1751350791772,"op":"l","o":{"id":"MOCK-ASK-SOL-USDC-1-1751350791772","side":"sell","price":200.2,"size":2.42833027133231,"type":"limit"}},{"opId":92,"ts":1751350791774,"op":"l","o":{"id":"MOCK-ASK-SOL-USDC-2-1751350791774","side":"sell","price":200.4,"size":3.192953022468914,"type":"limit"}},{"opId":93,"ts":1751350791777,"op":"l","o":{"id":"MOCK-ASK-SOL-USDC-3-1751350791776","side":"sell","price":200.6,"size":2.8233489649470322,"type":"limit"}},{"opId":94,"ts":1751350791782,"op":"l","o":{"id":"MOCK-ASK-SOL-USDC-4-1751350791782","side":"sell","price":200.8,"size":3.6586229782262913,"type":"limit"}},{"opId":95,"ts":1751350791785,"op":"l","o":{"id":"MOCK-ASK-SOL-USDC-5-1751350791785","side":"sell","price":201,"size":3.168965451070449,"type":"limit"}},{"opId":96,"ts":1751350791787,"op":"l","o":{"id":"MOCK-ASK-SOL-USDC-6-1751350791787","side":"sell","price":201.2,"size":4.9109804774907175,"type":"limit"}},{"opId":97,"ts":1751350791788,"op":"l","o":{"id":"MOCK-ASK-SOL-USDC-7-1751350791788","side":"sell","price":201.4,"size":2.751891663455026,"type":"limit"}},{"opId":98,"ts":1751350791790,"op":"l","o":{"id":"MOCK-ASK-SOL-USDC-8-1751350791790","side":"sell","price":201.6,"size":3.0714631515441906,"type":"limit"}},{"opId":99,"ts":1751350791792,"op":"l","o":{"id":"MOCK-ASK-SOL-USDC-9-1751350791792","side":"sell","price":201.8,"size":0.8775355693053021,"type":"limit"}},{"opId":100,"ts":1751350791798,"op":"l","o":{"id":"MOCK-ASK-SOL-USDC-10-1751350791798","side":"sell","price":202,"size":2.550209117085999,"type":"limit"}},{"opId":101,"ts":1751351925509,"op":"l","o":{"id":"MOCK-BID-SOL-USDC-1-1751351925509","side":"buy","price":199.8,"size":0.4979208707839321,"type":"limit"}},{"opId":102,"ts":1751351925512,"op":"l","o":{"id":"MOCK-BID-SOL-USDC-2-1751351925512","side":"buy","price":199.6,"size":3.0352331671441566,"type":"limit"}},{"opId":103,"ts":1751351925514,"op":"l","o":{"id":"MOCK-BID-SOL-USDC-3-1751351925514","side":"buy","price":199.4,"size":0.7641355904106882,"type":"limit"}},{"opId":104,"ts":1751351925517,"op":"l","o":{"id":"MOCK-BID-SOL-USDC-4-1751351925517","side":"buy","price":199.2,"size":3.3909072102351714,"type":"limit"}},{"opId":105,"ts":1751351925519,"op":"l","o":{"id":"MOCK-BID-SOL-USDC-5-1751351925519","side":"buy","price":199,"size":3.760774941241912,"type":"limit"}},{"opId":106,"ts":1751351925521,"op":"l","o":{"id":"MOCK-BID-SOL-USDC-6-1751351925521","side":"buy","price":198.8,"size":4.480635589711875,"type":"limit"}},{"opId":107,"ts":1751351925523,"op":"l","o":{"id":"MOCK-BID-SOL-USDC-7-1751351925523","side":"buy","price":198.6,"size":2.585897029694839,"type":"limit"}},{"opId":108,"ts":1751351925525,"op":"l","o":{"id":"MOCK-BID-SOL-USDC-8-1751351925525","side":"buy","price":198.4,"size":0.12016402321711409,"type":"limit"}},{"opId":109,"ts":1751351925526,"op":"l","o":{"id":"MOCK-BID-SOL-USDC-9-1751351925526","side":"buy","price":198.2,"size":1.1613359699388082,"type":"limit"}},{"opId":110,"ts":1751351925528,"op":"l","o":{"id":"MOCK-BID-SOL-USDC-10-1751351925528","side":"buy","price":198,"size":1.9749507717455617,"type":"limit"}},{"opId":111,"ts":1751351925529,"op":"l","o":{"id":"MOCK-ASK-SOL-USDC-1-1751351925529","side":"sell","price":200.2,"size":4.4468932601520255,"type":"limit"}},{"opId":112,"ts":1751351925533,"op":"l","o":{"id":"MOCK-ASK-SOL-USDC-2-1751351925533","side":"sell","price":200.4,"size":0.3253344910514743,"type":"limit"}},{"opId":113,"ts":1751351925535,"op":"l","o":{"id":"MOCK-ASK-SOL-USDC-3-1751351925535","side":"sell","price":200.6,"size":0.43698485297120715,"type":"limit"}},{"opId":114,"ts":1751351925536,"op":"l","o":{"id":"MOCK-ASK-SOL-USDC-4-1751351925536","side":"sell","price":200.8,"size":0.8137770910321528,"type":"limit"}},{"opId":115,"ts":1751351925537,"op":"l","o":{"id":"MOCK-ASK-SOL-USDC-5-1751351925537","side":"sell","price":201,"size":1.1231006184274739,"type":"limit"}},{"opId":116,"ts":1751351925539,"op":"l","o":{"id":"MOCK-ASK-SOL-USDC-6-1751351925539","side":"sell","price":201.2,"size":2.013776064960362,"type":"limit"}},{"opId":117,"ts":1751351925540,"op":"l","o":{"id":"MOCK-ASK-SOL-USDC-7-1751351925540","side":"sell","price":201.4,"size":3.2465065211891333,"type":"limit"}},{"opId":118,"ts":1751351925542,"op":"l","o":{"id":"MOCK-ASK-SOL-USDC-8-1751351925542","side":"sell","price":201.6,"size":5.035534736930234,"type":"limit"}},{"opId":119,"ts":1751351925543,"op":"l","o":{"id":"MOCK-ASK-SOL-USDC-9-1751351925543","side":"sell","price":201.8,"size":1.3768567278795918,"type":"limit"}},{"opId":120,"ts":1751351925545,"op":"l","o":{"id":"MOCK-ASK-SOL-USDC-10-1751351925544","side":"sell","price":202,"size":2.884388780972721,"type":"limit"}},{"opId":121,"ts":1751352295447,"op":"l","o":{"id":"MOCK-BID-SOL-USDC-1-1751352295447","side":"buy","price":199.8,"size":4.039834328507831,"type":"limit"}},{"opId":122,"ts":1751352295449,"op":"l","o":{"id":"MOCK-BID-SOL-USDC-2-1751352295449","side":"buy","price":199.6,"size":0.9207112944664441,"type":"limit"}},{"opId":123,"ts":1751352295451,"op":"l","o":{"id":"MOCK-BID-SOL-USDC-3-1751352295451","side":"buy","price":199.4,"size":2.3549966368549904,"type":"limit"}},{"opId":124,"ts":1751352295458,"op":"l","o":{"id":"MOCK-BID-SOL-USDC-4-1751352295458","side":"buy","price":199.2,"size":4.506097961821046,"type":"limit"}},{"opId":125,"ts":1751352295459,"op":"l","o":{"id":"MOCK-BID-SOL-USDC-5-1751352295459","side":"buy","price":199,"size":3.849323592239806,"type":"limit"}},{"opId":126,"ts":1751352295461,"op":"l","o":{"id":"MOCK-BID-SOL-USDC-6-1751352295460","side":"buy","price":198.8,"size":0.7393632266265847,"type":"limit"}},{"opId":127,"ts":1751352295462,"op":"l","o":{"id":"MOCK-BID-SOL-USDC-7-1751352295462","side":"buy","price":198.6,"size":3.6467482611136117,"type":"limit"}},{"opId":128,"ts":1751352295463,"op":"l","o":{"id":"MOCK-BID-SOL-USDC-8-1751352295463","side":"buy","price":198.4,"size":1.354656810987801,"type":"limit"}},{"opId":129,"ts":1751352295464,"op":"l","o":{"id":"MOCK-BID-SOL-USDC-9-1751352295464","side":"buy","price":198.2,"size":4.3901046156271635,"type":"limit"}},{"opId":130,"ts":1751352295467,"op":"l","o":{"id":"MOCK-BID-SOL-USDC-10-1751352295467","side":"buy","price":198,"size":2.2308606642160966,"type":"limit"}},{"opId":131,"ts":1751352295472,"op":"l","o":{"id":"MOCK-ASK-SOL-USDC-1-1751352295472","side":"sell","price":200.2,"size":4.845698134104986,"type":"limit"}},{"opId":132,"ts":1751352295476,"op":"l","o":{"id":"MOCK-ASK-SOL-USDC-2-1751352295476","side":"sell","price":200.4,"size":0.6390730604517424,"type":"limit"}},{"opId":133,"ts":1751352295478,"op":"l","o":{"id":"MOCK-ASK-SOL-USDC-3-1751352295478","side":"sell","price":200.6,"size":3.50645091384494,"type":"limit"}},{"opId":134,"ts":1751352295479,"op":"l","o":{"id":"MOCK-ASK-SOL-USDC-4-1751352295479","side":"sell","price":200.8,"size":1.245207023533682,"type":"limit"}},{"opId":135,"ts":1751352295481,"op":"l","o":{"id":"MOCK-ASK-SOL-USDC-5-1751352295481","side":"sell","price":201,"size":3.576241913603946,"type":"limit"}},{"opId":136,"ts":1751352295483,"op":"l","o":{"id":"MOCK-ASK-SOL-USDC-6-1751352295483","side":"sell","price":201.2,"size":1.671317229340159,"type":"limit"}},{"opId":137,"ts":1751352295485,"op":"l","o":{"id":"MOCK-ASK-SOL-USDC-7-1751352295485","side":"sell","price":201.4,"size":2.656191318223565,"type":"limit"}},{"opId":138,"ts":1751352295486,"op":"l","o":{"id":"MOCK-ASK-SOL-USDC-8-1751352295486","side":"sell","price":201.6,"size":2.7236291713492466,"type":"limit"}},{"opId":139,"ts":1751352295487,"op":"l","o":{"id":"MOCK-ASK-SOL-USDC-9-1751352295487","side":"sell","price":201.8,"size":4.44922149895057,"type":"limit"}},{"opId":140,"ts":1751352295489,"op":"l","o":{"id":"MOCK-ASK-SOL-USDC-10-1751352295489","side":"sell","price":202,"size":1.498443652760243,"type":"limit"}},{"opId":141,"ts":1751354316747,"op":"l","o":{"id":"MOCK-BID-SOL-USDC-1-1751354316747","side":"buy","price":199.8,"size":3.140536444177958,"type":"limit"}},{"opId":142,"ts":1751354316750,"op":"l","o":{"id":"MOCK-BID-SOL-USDC-2-1751354316750","side":"buy","price":199.6,"size":0.6043032790474511,"type":"limit"}},{"opId":143,"ts":1751354316753,"op":"l","o":{"id":"MOCK-BID-SOL-USDC-3-1751354316753","side":"buy","price":199.4,"size":1.9825470705292225,"type":"limit"}},{"opId":144,"ts":1751354316756,"op":"l","o":{"id":"MOCK-BID-SOL-USDC-4-1751354316756","side":"buy","price":199.2,"size":1.0340931996444602,"type":"limit"}},{"opId":145,"ts":1751354316759,"op":"l","o":{"id":"MOCK-BID-SOL-USDC-5-1751354316758","side":"buy","price":199,"size":4.503409768763562,"type":"limit"}},{"opId":146,"ts":1751354316762,"op":"l","o":{"id":"MOCK-BID-SOL-USDC-6-1751354316762","side":"buy","price":198.8,"size":2.685871393702349,"type":"limit"}},{"opId":147,"ts":1751354316766,"op":"l","o":{"id":"MOCK-BID-SOL-USDC-7-1751354316766","side":"buy","price":198.6,"size":3.0051732683664434,"type":"limit"}},{"opId":148,"ts":1751354316771,"op":"l","o":{"id":"MOCK-BID-SOL-USDC-8-1751354316771","side":"buy","price":198.4,"size":5.012021112740806,"type":"limit"}},{"opId":149,"ts":1751354316775,"op":"l","o":{"id":"MOCK-BID-SOL-USDC-9-1751354316775","side":"buy","price":198.2,"size":2.9063290576330556,"type":"limit"}},{"opId":150,"ts":1751354316778,"op":"l","o":{"id":"MOCK-BID-SOL-USDC-10-1751354316778","side":"buy","price":198,"size":2.439281446953633,"type":"limit"}},{"opId":151,"ts":1751354316785,"op":"l","o":{"id":"MOCK-ASK-SOL-USDC-1-1751354316785","side":"sell","price":200.2,"size":0.5565876327487994,"type":"limit"}},{"opId":152,"ts":1751354316789,"op":"l","o":{"id":"MOCK-ASK-SOL-USDC-2-1751354316789","side":"sell","price":200.4,"size":1.0305568388773034,"type":"limit"}},{"opId":153,"ts":1751354316791,"op":"l","o":{"id":"MOCK-ASK-SOL-USDC-3-1751354316791","side":"sell","price":200.6,"size":4.747506971884727,"type":"limit"}},{"opId":154,"ts":1751354316795,"op":"l","o":{"id":"MOCK-ASK-SOL-USDC-4-1751354316795","side":"sell","price":200.8,"size":1.7582242182812136,"type":"limit"}},{"opId":155,"ts":1751354316798,"op":"l","o":{"id":"MOCK-ASK-SOL-USDC-5-1751354316798","side":"sell","price":201,"size":3.689776192955796,"type":"limit"}},{"opId":156,"ts":1751354316804,"op":"l","o":{"id":"MOCK-ASK-SOL-USDC-6-1751354316804","side":"sell","price":201.2,"size":4.938123369513263,"type":"limit"}},{"opId":157,"ts":1751354316808,"op":"l","o":{"id":"MOCK-ASK-SOL-USDC-7-1751354316807","side":"sell","price":201.4,"size":5.071747246892351,"type":"limit"}},{"opId":158,"ts":1751354316811,"op":"l","o":{"id":"MOCK-ASK-SOL-USDC-8-1751354316811","side":"sell","price":201.6,"size":0.7593657493941274,"type":"limit"}},{"opId":159,"ts":1751354316815,"op":"l","o":{"id":"MOCK-ASK-SOL-USDC-9-1751354316814","side":"sell","price":201.8,"size":3.115222710515105,"type":"limit"}},{"opId":160,"ts":1751354316820,"op":"l","o":{"id":"MOCK-ASK-SOL-USDC-10-1751354316820","side":"sell","price":202,"size":2.0541483365027746,"type":"limit"}},{"opId":161,"ts":1751362208226,"op":"l","o":{"id":"MOCK-BID-SOL-USDC-1-1751362208226","side":"buy","price":199.8,"size":1.239503062964873,"type":"limit"}},{"opId":162,"ts":1751362208229,"op":"l","o":{"id":"MOCK-BID-SOL-USDC-2-1751362208229","side":"buy","price":199.6,"size":2.586256302147756,"type":"limit"}},{"opId":163,"ts":1751362208232,"op":"l","o":{"id":"MOCK-BID-SOL-USDC-3-1751362208232","side":"buy","price":199.4,"size":2.4995210225192275,"type":"limit"}},{"opId":164,"ts":1751362208238,"op":"l","o":{"id":"MOCK-BID-SOL-USDC-4-1751362208238","side":"buy","price":199.2,"size":1.720989049392626,"type":"limit"}},{"opId":165,"ts":1751362208242,"op":"l","o":{"id":"MOCK-BID-SOL-USDC-5-1751362208242","side":"buy","price":199,"size":1.3053025271194774,"type":"limit"}},{"opId":166,"ts":1751362208245,"op":"l","o":{"id":"MOCK-BID-SOL-USDC-6-1751362208245","side":"buy","price":198.8,"size":4.945015162938111,"type":"limit"}},{"opId":167,"ts":1751362208253,"op":"l","o":{"id":"MOCK-BID-SOL-USDC-7-1751362208253","side":"buy","price":198.6,"size":0.1452082044500335,"type":"limit"}},{"opId":168,"ts":1751362208261,"op":"l","o":{"id":"MOCK-BID-SOL-USDC-8-1751362208260","side":"buy","price":198.4,"size":4.76225986592042,"type":"limit"}},{"opId":169,"ts":1751362208263,"op":"l","o":{"id":"MOCK-BID-SOL-USDC-9-1751362208263","side":"buy","price":198.2,"size":4.285342329290392,"type":"limit"}},{"opId":170,"ts":1751362208313,"op":"l","o":{"id":"MOCK-BID-SOL-USDC-10-1751362208313","side":"buy","price":198,"size":0.6448079926625238,"type":"limit"}},{"opId":171,"ts":1751362208324,"op":"l","o":{"id":"MOCK-ASK-SOL-USDC-1-1751362208324","side":"sell","price":200.2,"size":2.7324446765048904,"type":"limit"}},{"opId":172,"ts":1751362208328,"op":"l","o":{"id":"MOCK-ASK-SOL-USDC-2-1751362208328","side":"sell","price":200.4,"size":0.2788017619837234,"type":"limit"}},{"opId":173,"ts":1751362208331,"op":"l","o":{"id":"MOCK-ASK-SOL-USDC-3-1751362208331","side":"sell","price":200.6,"size":4.273520417671205,"type":"limit"}},{"opId":174,"ts":1751362208336,"op":"l","o":{"id":"MOCK-ASK-SOL-USDC-4-1751362208336","side":"sell","price":200.8,"size":4.705390558163744,"type":"limit"}},{"opId":175,"ts":1751362208339,"op":"l","o":{"id":"MOCK-ASK-SOL-USDC-5-1751362208339","side":"sell","price":201,"size":1.9388684845067283,"type":"limit"}},{"opId":176,"ts":1751362208343,"op":"l","o":{"id":"MOCK-ASK-SOL-USDC-6-1751362208343","side":"sell","price":201.2,"size":3.0866899108203194,"type":"limit"}},{"opId":177,"ts":1751362208346,"op":"l","o":{"id":"MOCK-ASK-SOL-USDC-7-1751362208346","side":"sell","price":201.4,"size":3.4078732704038672,"type":"limit"}},{"opId":178,"ts":1751362208353,"op":"l","o":{"id":"MOCK-ASK-SOL-USDC-8-1751362208353","side":"sell","price":201.6,"size":1.9277552261409603,"type":"limit"}},{"opId":179,"ts":1751362208356,"op":"l","o":{"id":"MOCK-ASK-SOL-USDC-9-1751362208356","side":"sell","price":201.8,"size":2.9763469484381946,"type":"limit"}},{"opId":180,"ts":1751362208360,"op":"l","o":{"id":"MOCK-ASK-SOL-USDC-10-1751362208359","side":"sell","price":202,"size":3.5789410159220902,"type":"limit"}},{"opId":181,"ts":1751362439539,"op":"l","o":{"id":"MOCK-BID-SOL-USDC-1-1751362439539","side":"buy","price":199.8,"size":3.642058503310889,"type":"limit"}},{"opId":182,"ts":1751362439542,"op":"l","o":{"id":"MOCK-BID-SOL-USDC-2-1751362439542","side":"buy","price":199.6,"size":0.6231230038721779,"type":"limit"}},{"opId":183,"ts":1751362439544,"op":"l","o":{"id":"MOCK-BID-SOL-USDC-3-1751362439544","side":"buy","price":199.4,"size":2.1639728155074214,"type":"limit"}},{"opId":184,"ts":1751362439545,"op":"l","o":{"id":"MOCK-BID-SOL-USDC-4-1751362439545","side":"buy","price":199.2,"size":0.6257102324585161,"type":"limit"}},{"opId":185,"ts":1751362439548,"op":"l","o":{"id":"MOCK-BID-SOL-USDC-5-1751362439548","side":"buy","price":199,"size":2.1620835451920803,"type":"limit"}},{"opId":186,"ts":1751362439551,"op":"l","o":{"id":"MOCK-BID-SOL-USDC-6-1751362439551","side":"buy","price":198.8,"size":1.3057753250962068,"type":"limit"}},{"opId":187,"ts":1751362439553,"op":"l","o":{"id":"MOCK-BID-SOL-USDC-7-1751362439553","side":"buy","price":198.6,"size":2.6127648295810126,"type":"limit"}},{"opId":188,"ts":1751362439556,"op":"l","o":{"id":"MOCK-BID-SOL-USDC-8-1751362439555","side":"buy","price":198.4,"size":4.0650735028432905,"type":"limit"}},{"opId":189,"ts":1751362439559,"op":"l","o":{"id":"MOCK-BID-SOL-USDC-9-1751362439558","side":"buy","price":198.2,"size":3.759836018399405,"type":"limit"}},{"opId":190,"ts":1751362439560,"op":"l","o":{"id":"MOCK-BID-SOL-USDC-10-1751362439560","side":"buy","price":198,"size":3.287643781603693,"type":"limit"}},{"opId":191,"ts":1751362439562,"op":"l","o":{"id":"MOCK-ASK-SOL-USDC-1-1751362439562","side":"sell","price":200.2,"size":0.550562870307335,"type":"limit"}},{"opId":192,"ts":1751362439564,"op":"l","o":{"id":"MOCK-ASK-SOL-USDC-2-1751362439564","side":"sell","price":200.4,"size":0.19583514370152036,"type":"limit"}},{"opId":193,"ts":1751362439568,"op":"l","o":{"id":"MOCK-ASK-SOL-USDC-3-1751362439568","side":"sell","price":200.6,"size":1.668762817584002,"type":"limit"}},{"opId":194,"ts":1751362439569,"op":"l","o":{"id":"MOCK-ASK-SOL-USDC-4-1751362439569","side":"sell","price":200.8,"size":2.373112611949056,"type":"limit"}},{"opId":195,"ts":1751362439570,"op":"l","o":{"id":"MOCK-ASK-SOL-USDC-5-1751362439570","side":"sell","price":201,"size":2.790776991554941,"type":"limit"}},{"opId":196,"ts":1751362439572,"op":"l","o":{"id":"MOCK-ASK-SOL-USDC-6-1751362439572","side":"sell","price":201.2,"size":2.8923133674061883,"type":"limit"}},{"opId":197,"ts":1751362439577,"op":"l","o":{"id":"MOCK-ASK-SOL-USDC-7-1751362439577","side":"sell","price":201.4,"size":0.7389690365630784,"type":"limit"}},{"opId":198,"ts":1751362439580,"op":"l","o":{"id":"MOCK-ASK-SOL-USDC-8-1751362439580","side":"sell","price":201.6,"size":2.4849981007197894,"type":"limit"}},{"opId":199,"ts":1751362439581,"op":"l","o":{"id":"MOCK-ASK-SOL-USDC-9-1751362439581","side":"sell","price":201.8,"size":4.968112587326006,"type":"limit"}},{"opId":200,"ts":1751362439583,"op":"l","o":{"id":"MOCK-ASK-SOL-USDC-10-1751362439583","side":"sell","price":202,"size":4.918138157897765,"type":"limit"}},{"opId":201,"ts":1751362635745,"op":"l","o":{"id":"MOCK-BID-SOL-USDC-1-1751362635745","side":"buy","price":199.8,"size":4.779268664744209,"type":"limit"}},{"opId":202,"ts":1751362635747,"op":"l","o":{"id":"MOCK-BID-SOL-USDC-2-1751362635747","side":"buy","price":199.6,"size":1.501924776368967,"type":"limit"}},{"opId":203,"ts":1751362635750,"op":"l","o":{"id":"MOCK-BID-SOL-USDC-3-1751362635750","side":"buy","price":199.4,"size":0.9111205739670857,"type":"limit"}},{"opId":204,"ts":1751362635754,"op":"l","o":{"id":"MOCK-BID-SOL-USDC-4-1751362635754","side":"buy","price":199.2,"size":2.279967765384662,"type":"limit"}},{"opId":205,"ts":1751362635756,"op":"l","o":{"id":"MOCK-BID-SOL-USDC-5-1751362635756","side":"buy","price":199,"size":2.1557178169322397,"type":"limit"}},{"opId":206,"ts":1751362635757,"op":"l","o":{"id":"MOCK-BID-SOL-USDC-6-1751362635757","side":"buy","price":198.8,"size":3.3922182565580172,"type":"limit"}},{"opId":207,"ts":1751362635759,"op":"l","o":{"id":"MOCK-BID-SOL-USDC-7-1751362635758","side":"buy","price":198.6,"size":4.989772673088178,"type":"limit"}},{"opId":208,"ts":1751362635760,"op":"l","o":{"id":"MOCK-BID-SOL-USDC-8-1751362635760","side":"buy","price":198.4,"size":3.899988963545763,"type":"limit"}},{"opId":209,"ts":1751362635765,"op":"l","o":{"id":"MOCK-BID-SOL-USDC-9-1751362635765","side":"buy","price":198.2,"size":0.597149903387114,"type":"limit"}},{"opId":210,"ts":1751362635768,"op":"l","o":{"id":"MOCK-BID-SOL-USDC-10-1751362635768","side":"buy","price":198,"size":2.4438683989926493,"type":"limit"}},{"opId":211,"ts":1751362635769,"op":"l","o":{"id":"MOCK-ASK-SOL-USDC-1-1751362635769","side":"sell","price":200.2,"size":0.793043624181624,"type":"limit"}},{"opId":212,"ts":1751362635771,"op":"l","o":{"id":"MOCK-ASK-SOL-USDC-2-1751362635771","side":"sell","price":200.4,"size":0.5060115285739452,"type":"limit"}},{"opId":213,"ts":1751362635772,"op":"l","o":{"id":"MOCK-ASK-SOL-USDC-3-1751362635772","side":"sell","price":200.6,"size":0.5086209166557175,"type":"limit"}},{"opId":214,"ts":1751362635774,"op":"l","o":{"id":"MOCK-ASK-SOL-USDC-4-1751362635774","side":"sell","price":200.8,"size":2.2869352083997763,"type":"limit"}},{"opId":215,"ts":1751362635776,"op":"l","o":{"id":"MOCK-ASK-SOL-USDC-5-1751362635776","side":"sell","price":201,"size":4.199086324684377,"type":"limit"}},{"opId":216,"ts":1751362635778,"op":"l","o":{"id":"MOCK-ASK-SOL-USDC-6-1751362635778","side":"sell","price":201.2,"size":3.9365974889188817,"type":"limit"}},{"opId":217,"ts":1751362635779,"op":"l","o":{"id":"MOCK-ASK-SOL-USDC-7-1751362635779","side":"sell","price":201.4,"size":2.4348762891986584,"type":"limit"}},{"opId":218,"ts":1751362635781,"op":"l","o":{"id":"MOCK-ASK-SOL-USDC-8-1751362635781","side":"sell","price":201.6,"size":1.7479759838397024,"type":"limit"}},{"opId":219,"ts":1751362635783,"op":"l","o":{"id":"MOCK-ASK-SOL-USDC-9-1751362635783","side":"sell","price":201.8,"size":2.4355128348333754,"type":"limit"}},{"opId":220,"ts":1751362635788,"op":"l","o":{"id":"MOCK-ASK-SOL-USDC-10-1751362635787","side":"sell","price":202,"size":3.9785307979644755,"type":"limit"}}]