[{"opId":1,"ts":1751256930674,"op":"l","o":{"id":"MOCK-BID-TSLA-1-1751256930674","side":"buy","price":349.65,"size":0.19543178137187636,"type":"limit"}},{"opId":2,"ts":1751256930676,"op":"l","o":{"id":"MOCK-BID-TSLA-2-1751256930676","side":"buy","price":349.3,"size":4.106207208118154,"type":"limit"}},{"opId":3,"ts":1751256930677,"op":"l","o":{"id":"MOCK-BID-TSLA-3-1751256930677","side":"buy","price":348.95,"size":3.0274108170529845,"type":"limit"}},{"opId":4,"ts":1751256930679,"op":"l","o":{"id":"MOCK-BID-TSLA-4-1751256930679","side":"buy","price":348.6,"size":2.750536222583635,"type":"limit"}},{"opId":5,"ts":1751256930680,"op":"l","o":{"id":"MOCK-BID-TSLA-5-1751256930680","side":"buy","price":348.25,"size":1.7745086198638327,"type":"limit"}},{"opId":6,"ts":1751256930681,"op":"l","o":{"id":"MOCK-BID-TSLA-6-1751256930681","side":"buy","price":347.9,"size":2.824949329977753,"type":"limit"}},{"opId":7,"ts":1751256930682,"op":"l","o":{"id":"MOCK-BID-TSLA-7-1751256930682","side":"buy","price":347.55,"size":1.8509433804475106,"type":"limit"}},{"opId":8,"ts":1751256930684,"op":"l","o":{"id":"MOCK-BID-TSLA-8-1751256930684","side":"buy","price":347.2,"size":4.6211459448408245,"type":"limit"}},{"opId":9,"ts":1751256930685,"op":"l","o":{"id":"MOCK-BID-TSLA-9-1751256930685","side":"buy","price":346.85,"size":3.3593197194974977,"type":"limit"}},{"opId":10,"ts":1751256930686,"op":"l","o":{"id":"MOCK-BID-TSLA-10-1751256930686","side":"buy","price":346.5,"size":1.5388883304577383,"type":"limit"}},{"opId":11,"ts":1751256930687,"op":"l","o":{"id":"MOCK-ASK-TSLA-1-1751256930687","side":"sell","price":350.35,"size":1.6419522713054624,"type":"limit"}},{"opId":12,"ts":1751256930688,"op":"l","o":{"id":"MOCK-ASK-TSLA-2-1751256930688","side":"sell","price":350.7,"size":0.6377692655180799,"type":"limit"}},{"opId":13,"ts":1751256930690,"op":"l","o":{"id":"MOCK-ASK-TSLA-3-1751256930689","side":"sell","price":351.05,"size":4.839883336776263,"type":"limit"}},{"opId":14,"ts":1751256930691,"op":"l","o":{"id":"MOCK-ASK-TSLA-4-1751256930691","side":"sell","price":351.4,"size":2.835830185023114,"type":"limit"}},{"opId":15,"ts":1751256930692,"op":"l","o":{"id":"MOCK-ASK-TSLA-5-1751256930692","side":"sell","price":351.75,"size":4.53422592643393,"type":"limit"}},{"opId":16,"ts":1751256930693,"op":"l","o":{"id":"MOCK-ASK-TSLA-6-1751256930693","side":"sell","price":352.1,"size":1.2026050696044688,"type":"limit"}},{"opId":17,"ts":1751256930695,"op":"l","o":{"id":"MOCK-ASK-TSLA-7-1751256930695","side":"sell","price":352.45,"size":4.512002103861507,"type":"limit"}},{"opId":18,"ts":1751256930697,"op":"l","o":{"id":"MOCK-ASK-TSLA-8-1751256930697","side":"sell","price":352.8,"size":0.35061657015966075,"type":"limit"}},{"opId":19,"ts":1751256930699,"op":"l","o":{"id":"MOCK-ASK-TSLA-9-1751256930698","side":"sell","price":353.15,"size":0.9242456778306739,"type":"limit"}},{"opId":20,"ts":1751256930700,"op":"l","o":{"id":"MOCK-ASK-TSLA-10-1751256930700","side":"sell","price":353.5,"size":1.401354999362785,"type":"limit"}},{"opId":21,"ts":1751350791895,"op":"l","o":{"id":"MOCK-BID-TSLA-1-1751350791895","side":"buy","price":349.65,"size":4.330804283900861,"type":"limit"}},{"opId":22,"ts":1751350791897,"op":"l","o":{"id":"MOCK-BID-TSLA-2-1751350791897","side":"buy","price":349.3,"size":4.37136797204909,"type":"limit"}},{"opId":23,"ts":1751350791899,"op":"l","o":{"id":"MOCK-BID-TSLA-3-1751350791899","side":"buy","price":348.95,"size":4.869518352398631,"type":"limit"}},{"opId":24,"ts":1751350791900,"op":"l","o":{"id":"MOCK-BID-TSLA-4-1751350791900","side":"buy","price":348.6,"size":2.864492414503269,"type":"limit"}},{"opId":25,"ts":1751350791901,"op":"l","o":{"id":"MOCK-BID-TSLA-5-1751350791901","side":"buy","price":348.25,"size":4.003322067057116,"type":"limit"}},{"opId":26,"ts":1751350791902,"op":"l","o":{"id":"MOCK-BID-TSLA-6-1751350791902","side":"buy","price":347.9,"size":1.6384936439489806,"type":"limit"}},{"opId":27,"ts":1751350791904,"op":"l","o":{"id":"MOCK-BID-TSLA-7-1751350791904","side":"buy","price":347.55,"size":5.0883141891981705,"type":"limit"}},{"opId":28,"ts":1751350791908,"op":"l","o":{"id":"MOCK-BID-TSLA-8-1751350791908","side":"buy","price":347.2,"size":2.9196502523353316,"type":"limit"}},{"opId":29,"ts":1751350791909,"op":"l","o":{"id":"MOCK-BID-TSLA-9-1751350791909","side":"buy","price":346.85,"size":0.4210505826726939,"type":"limit"}},{"opId":30,"ts":1751350791910,"op":"l","o":{"id":"MOCK-BID-TSLA-10-1751350791910","side":"buy","price":346.5,"size":4.328508082033361,"type":"limit"}},{"opId":31,"ts":1751350791912,"op":"l","o":{"id":"MOCK-ASK-TSLA-1-1751350791912","side":"sell","price":350.35,"size":3.1443926616944897,"type":"limit"}},{"opId":32,"ts":1751350791913,"op":"l","o":{"id":"MOCK-ASK-TSLA-2-1751350791913","side":"sell","price":350.7,"size":2.9101389395463797,"type":"limit"}},{"opId":33,"ts":1751350791915,"op":"l","o":{"id":"MOCK-ASK-TSLA-3-1751350791914","side":"sell","price":351.05,"size":1.9895753950481232,"type":"limit"}},{"opId":34,"ts":1751350791915,"op":"l","o":{"id":"MOCK-ASK-TSLA-4-1751350791915","side":"sell","price":351.4,"size":1.2258052824481769,"type":"limit"}},{"opId":35,"ts":1751350791916,"op":"l","o":{"id":"MOCK-ASK-TSLA-5-1751350791916","side":"sell","price":351.75,"size":2.043118708221394,"type":"limit"}},{"opId":36,"ts":1751350791918,"op":"l","o":{"id":"MOCK-ASK-TSLA-6-1751350791917","side":"sell","price":352.1,"size":1.792231922613654,"type":"limit"}},{"opId":37,"ts":1751350791920,"op":"l","o":{"id":"MOCK-ASK-TSLA-7-1751350791919","side":"sell","price":352.45,"size":2.6966362309742387,"type":"limit"}},{"opId":38,"ts":1751350791924,"op":"l","o":{"id":"MOCK-ASK-TSLA-8-1751350791924","side":"sell","price":352.8,"size":1.4494960016280312,"type":"limit"}},{"opId":39,"ts":1751350791925,"op":"l","o":{"id":"MOCK-ASK-TSLA-9-1751350791925","side":"sell","price":353.15,"size":0.4067981041351397,"type":"limit"}},{"opId":40,"ts":1751350791927,"op":"l","o":{"id":"MOCK-ASK-TSLA-10-1751350791926","side":"sell","price":353.5,"size":1.8872846526662923,"type":"limit"}},{"opId":41,"ts":1751351925625,"op":"l","o":{"id":"MOCK-BID-TSLA-1-1751351925625","side":"buy","price":349.65,"size":1.8779705717420059,"type":"limit"}},{"opId":42,"ts":1751351925626,"op":"l","o":{"id":"MOCK-BID-TSLA-2-1751351925626","side":"buy","price":349.3,"size":1.9611306813129348,"type":"limit"}},{"opId":43,"ts":1751351925627,"op":"l","o":{"id":"MOCK-BID-TSLA-3-1751351925627","side":"buy","price":348.95,"size":2.896880331454977,"type":"limit"}},{"opId":44,"ts":1751351925628,"op":"l","o":{"id":"MOCK-BID-TSLA-4-1751351925627","side":"buy","price":348.6,"size":2.3807911894035025,"type":"limit"}},{"opId":45,"ts":1751351925628,"op":"l","o":{"id":"MOCK-BID-TSLA-5-1751351925628","side":"buy","price":348.25,"size":3.3877596179663407,"type":"limit"}},{"opId":46,"ts":1751351925629,"op":"l","o":{"id":"MOCK-BID-TSLA-6-1751351925629","side":"buy","price":347.9,"size":0.124303713994136,"type":"limit"}},{"opId":47,"ts":1751351925630,"op":"l","o":{"id":"MOCK-BID-TSLA-7-1751351925630","side":"buy","price":347.55,"size":0.11721719638343334,"type":"limit"}},{"opId":48,"ts":1751351925631,"op":"l","o":{"id":"MOCK-BID-TSLA-8-1751351925631","side":"buy","price":347.2,"size":0.9911545120615594,"type":"limit"}},{"opId":49,"ts":1751351925632,"op":"l","o":{"id":"MOCK-BID-TSLA-9-1751351925632","side":"buy","price":346.85,"size":0.27702170721768715,"type":"limit"}},{"opId":50,"ts":1751351925633,"op":"l","o":{"id":"MOCK-BID-TSLA-10-1751351925633","side":"buy","price":346.5,"size":3.542390311836454,"type":"limit"}},{"opId":51,"ts":1751351925634,"op":"l","o":{"id":"MOCK-ASK-TSLA-1-1751351925634","side":"sell","price":350.35,"size":1.1719904669058512,"type":"limit"}},{"opId":52,"ts":1751351925638,"op":"l","o":{"id":"MOCK-ASK-TSLA-2-1751351925638","side":"sell","price":350.7,"size":0.10471980921518789,"type":"limit"}},{"opId":53,"ts":1751351925639,"op":"l","o":{"id":"MOCK-ASK-TSLA-3-1751351925638","side":"sell","price":351.05,"size":3.459635236814863,"type":"limit"}},{"opId":54,"ts":1751351925639,"op":"l","o":{"id":"MOCK-ASK-TSLA-4-1751351925639","side":"sell","price":351.4,"size":3.5472191991655944,"type":"limit"}},{"opId":55,"ts":1751351925640,"op":"l","o":{"id":"MOCK-ASK-TSLA-5-1751351925640","side":"sell","price":351.75,"size":0.312081127463406,"type":"limit"}},{"opId":56,"ts":1751351925641,"op":"l","o":{"id":"MOCK-ASK-TSLA-6-1751351925641","side":"sell","price":352.1,"size":3.0986060483829747,"type":"limit"}},{"opId":57,"ts":1751351925641,"op":"l","o":{"id":"MOCK-ASK-TSLA-7-1751351925641","side":"sell","price":352.45,"size":1.9446098574848858,"type":"limit"}},{"opId":58,"ts":1751351925642,"op":"l","o":{"id":"MOCK-ASK-TSLA-8-1751351925642","side":"sell","price":352.8,"size":3.9038820149507383,"type":"limit"}},{"opId":59,"ts":1751351925643,"op":"l","o":{"id":"MOCK-ASK-TSLA-9-1751351925643","side":"sell","price":353.15,"size":2.8445018669041535,"type":"limit"}},{"opId":60,"ts":1751351925644,"op":"l","o":{"id":"MOCK-ASK-TSLA-10-1751351925644","side":"sell","price":353.5,"size":3.3457917379506177,"type":"limit"}},{"opId":61,"ts":1751352295609,"op":"l","o":{"id":"MOCK-BID-TSLA-1-1751352295609","side":"buy","price":349.65,"size":2.2665206852260167,"type":"limit"}},{"opId":62,"ts":1751352295610,"op":"l","o":{"id":"MOCK-BID-TSLA-2-1751352295610","side":"buy","price":349.3,"size":0.897393992376878,"type":"limit"}},{"opId":63,"ts":1751352295611,"op":"l","o":{"id":"MOCK-BID-TSLA-3-1751352295611","side":"buy","price":348.95,"size":0.16451742129771954,"type":"limit"}},{"opId":64,"ts":1751352295613,"op":"l","o":{"id":"MOCK-BID-TSLA-4-1751352295613","side":"buy","price":348.6,"size":0.9860719361453362,"type":"limit"}},{"opId":65,"ts":1751352295614,"op":"l","o":{"id":"MOCK-BID-TSLA-5-1751352295614","side":"buy","price":348.25,"size":1.5181413653888087,"type":"limit"}},{"opId":66,"ts":1751352295616,"op":"l","o":{"id":"MOCK-BID-TSLA-6-1751352295616","side":"buy","price":347.9,"size":3.0706722448390997,"type":"limit"}},{"opId":67,"ts":1751352295620,"op":"l","o":{"id":"MOCK-BID-TSLA-7-1751352295620","side":"buy","price":347.55,"size":0.6466102331230171,"type":"limit"}},{"opId":68,"ts":1751352295621,"op":"l","o":{"id":"MOCK-BID-TSLA-8-1751352295621","side":"buy","price":347.2,"size":3.0776716874132934,"type":"limit"}},{"opId":69,"ts":1751352295623,"op":"l","o":{"id":"MOCK-BID-TSLA-9-1751352295623","side":"buy","price":346.85,"size":2.261750153521055,"type":"limit"}},{"opId":70,"ts":1751352295624,"op":"l","o":{"id":"MOCK-BID-TSLA-10-1751352295624","side":"buy","price":346.5,"size":0.3063238534414813,"type":"limit"}},{"opId":71,"ts":1751352295625,"op":"l","o":{"id":"MOCK-ASK-TSLA-1-1751352295625","side":"sell","price":350.35,"size":4.302554046839116,"type":"limit"}},{"opId":72,"ts":1751352295627,"op":"l","o":{"id":"MOCK-ASK-TSLA-2-1751352295627","side":"sell","price":350.7,"size":1.8872187640286608,"type":"limit"}},{"opId":73,"ts":1751352295628,"op":"l","o":{"id":"MOCK-ASK-TSLA-3-1751352295628","side":"sell","price":351.05,"size":1.4941358304479124,"type":"limit"}},{"opId":74,"ts":1751352295629,"op":"l","o":{"id":"MOCK-ASK-TSLA-4-1751352295629","side":"sell","price":351.4,"size":1.2124808436382484,"type":"limit"}},{"opId":75,"ts":1751352295630,"op":"l","o":{"id":"MOCK-ASK-TSLA-5-1751352295630","side":"sell","price":351.75,"size":3.3868008871109456,"type":"limit"}},{"opId":76,"ts":1751352295632,"op":"l","o":{"id":"MOCK-ASK-TSLA-6-1751352295632","side":"sell","price":352.1,"size":3.234701365508048,"type":"limit"}},{"opId":77,"ts":1751352295634,"op":"l","o":{"id":"MOCK-ASK-TSLA-7-1751352295634","side":"sell","price":352.45,"size":4.6513629195961235,"type":"limit"}},{"opId":78,"ts":1751352295637,"op":"l","o":{"id":"MOCK-ASK-TSLA-8-1751352295637","side":"sell","price":352.8,"size":2.534766417867823,"type":"limit"}},{"opId":79,"ts":1751352295641,"op":"l","o":{"id":"MOCK-ASK-TSLA-9-1751352295641","side":"sell","price":353.15,"size":1.1303077880177415,"type":"limit"}},{"opId":80,"ts":1751352295643,"op":"l","o":{"id":"MOCK-ASK-TSLA-10-1751352295643","side":"sell","price":353.5,"size":1.3793970338861627,"type":"limit"}},{"opId":81,"ts":1751354316990,"op":"l","o":{"id":"MOCK-BID-TSLA-1-1751354316990","side":"buy","price":349.65,"size":2.2706547121886103,"type":"limit"}},{"opId":82,"ts":1751354316993,"op":"l","o":{"id":"MOCK-BID-TSLA-2-1751354316992","side":"buy","price":349.3,"size":4.9707735271239795,"type":"limit"}},{"opId":83,"ts":1751354316995,"op":"l","o":{"id":"MOCK-BID-TSLA-3-1751354316995","side":"buy","price":348.95,"size":3.7784840610191406,"type":"limit"}},{"opId":84,"ts":1751354316998,"op":"l","o":{"id":"MOCK-BID-TSLA-4-1751354316998","side":"buy","price":348.6,"size":4.009867138389418,"type":"limit"}},{"opId":85,"ts":1751354317000,"op":"l","o":{"id":"MOCK-BID-TSLA-5-1751354317000","side":"buy","price":348.25,"size":1.58118808792593,"type":"limit"}},{"opId":86,"ts":1751354317003,"op":"l","o":{"id":"MOCK-BID-TSLA-6-1751354317003","side":"buy","price":347.9,"size":3.0283446587892793,"type":"limit"}},{"opId":87,"ts":1751354317006,"op":"l","o":{"id":"MOCK-BID-TSLA-7-1751354317005","side":"buy","price":347.55,"size":2.7536824412180185,"type":"limit"}},{"opId":88,"ts":1751354317008,"op":"l","o":{"id":"MOCK-BID-TSLA-8-1751354317008","side":"buy","price":347.2,"size":1.1295326414642826,"type":"limit"}},{"opId":89,"ts":1751354317011,"op":"l","o":{"id":"MOCK-BID-TSLA-9-1751354317010","side":"buy","price":346.85,"size":1.744403281041439,"type":"limit"}},{"opId":90,"ts":1751354317014,"op":"l","o":{"id":"MOCK-BID-TSLA-10-1751354317014","side":"buy","price":346.5,"size":4.131641890582823,"type":"limit"}},{"opId":91,"ts":1751354317024,"op":"l","o":{"id":"MOCK-ASK-TSLA-1-1751354317023","side":"sell","price":350.35,"size":2.3596871338502337,"type":"limit"}},{"opId":92,"ts":1751354317027,"op":"l","o":{"id":"MOCK-ASK-TSLA-2-1751354317027","side":"sell","price":350.7,"size":3.067756488751766,"type":"limit"}},{"opId":93,"ts":1751354317030,"op":"l","o":{"id":"MOCK-ASK-TSLA-3-1751354317030","side":"sell","price":351.05,"size":5.085537591881684,"type":"limit"}},{"opId":94,"ts":1751354317037,"op":"l","o":{"id":"MOCK-ASK-TSLA-4-1751354317037","side":"sell","price":351.4,"size":0.6768695222796405,"type":"limit"}},{"opId":95,"ts":1751354317041,"op":"l","o":{"id":"MOCK-ASK-TSLA-5-1751354317041","side":"sell","price":351.75,"size":0.3770351918662461,"type":"limit"}},{"opId":96,"ts":1751354317044,"op":"l","o":{"id":"MOCK-ASK-TSLA-6-1751354317044","side":"sell","price":352.1,"size":1.2988682643984106,"type":"limit"}},{"opId":97,"ts":1751354317047,"op":"l","o":{"id":"MOCK-ASK-TSLA-7-1751354317047","side":"sell","price":352.45,"size":0.7374180780785832,"type":"limit"}},{"opId":98,"ts":1751354317053,"op":"l","o":{"id":"MOCK-ASK-TSLA-8-1751354317053","side":"sell","price":352.8,"size":1.1035539759228408,"type":"limit"}},{"opId":99,"ts":1751354317057,"op":"l","o":{"id":"MOCK-ASK-TSLA-9-1751354317057","side":"sell","price":353.15,"size":3.9988022980392226,"type":"limit"}},{"opId":100,"ts":1751354317060,"op":"l","o":{"id":"MOCK-ASK-TSLA-10-1751354317060","side":"sell","price":353.5,"size":1.1410194138516083,"type":"limit"}},{"opId":101,"ts":1751362208578,"op":"l","o":{"id":"MOCK-BID-TSLA-1-1751362208577","side":"buy","price":349.65,"size":0.3985484973930752,"type":"limit"}},{"opId":102,"ts":1751362208580,"op":"l","o":{"id":"MOCK-BID-TSLA-2-1751362208580","side":"buy","price":349.3,"size":4.475982802175535,"type":"limit"}},{"opId":103,"ts":1751362208583,"op":"l","o":{"id":"MOCK-BID-TSLA-3-1751362208583","side":"buy","price":348.95,"size":4.596642373267743,"type":"limit"}},{"opId":104,"ts":1751362208586,"op":"l","o":{"id":"MOCK-BID-TSLA-4-1751362208586","side":"buy","price":348.6,"size":1.5121063390690859,"type":"limit"}},{"opId":105,"ts":1751362208589,"op":"l","o":{"id":"MOCK-BID-TSLA-5-1751362208589","side":"buy","price":348.25,"size":4.6533241502530025,"type":"limit"}},{"opId":106,"ts":1751362208591,"op":"l","o":{"id":"MOCK-BID-TSLA-6-1751362208591","side":"buy","price":347.9,"size":4.55687608179398,"type":"limit"}},{"opId":107,"ts":1751362208593,"op":"l","o":{"id":"MOCK-BID-TSLA-7-1751362208593","side":"buy","price":347.55,"size":3.952212895105862,"type":"limit"}},{"opId":108,"ts":1751362208596,"op":"l","o":{"id":"MOCK-BID-TSLA-8-1751362208596","side":"buy","price":347.2,"size":0.9556515229219641,"type":"limit"}},{"opId":109,"ts":1751362208600,"op":"l","o":{"id":"MOCK-BID-TSLA-9-1751362208599","side":"buy","price":346.85,"size":1.665215435906976,"type":"limit"}},{"opId":110,"ts":1751362208602,"op":"l","o":{"id":"MOCK-BID-TSLA-10-1751362208602","side":"buy","price":346.5,"size":0.665076710209178,"type":"limit"}},{"opId":111,"ts":1751362208604,"op":"l","o":{"id":"MOCK-ASK-TSLA-1-1751362208604","side":"sell","price":350.35,"size":1.026639073846014,"type":"limit"}},{"opId":112,"ts":1751362208607,"op":"l","o":{"id":"MOCK-ASK-TSLA-2-1751362208607","side":"sell","price":350.7,"size":3.0528156777090865,"type":"limit"}},{"opId":113,"ts":1751362208613,"op":"l","o":{"id":"MOCK-ASK-TSLA-3-1751362208613","side":"sell","price":351.05,"size":2.317051260791154,"type":"limit"}},{"opId":114,"ts":1751362208622,"op":"l","o":{"id":"MOCK-ASK-TSLA-4-1751362208621","side":"sell","price":351.4,"size":0.903322679251296,"type":"limit"}},{"opId":115,"ts":1751362208624,"op":"l","o":{"id":"MOCK-ASK-TSLA-5-1751362208624","side":"sell","price":351.75,"size":2.4564953357455943,"type":"limit"}},{"opId":116,"ts":1751362208626,"op":"l","o":{"id":"MOCK-ASK-TSLA-6-1751362208626","side":"sell","price":352.1,"size":2.4652256480916845,"type":"limit"}},{"opId":117,"ts":1751362208628,"op":"l","o":{"id":"MOCK-ASK-TSLA-7-1751362208628","side":"sell","price":352.45,"size":0.24648558163084303,"type":"limit"}},{"opId":118,"ts":1751362208630,"op":"l","o":{"id":"MOCK-ASK-TSLA-8-1751362208630","side":"sell","price":352.8,"size":2.3257900597164958,"type":"limit"}},{"opId":119,"ts":1751362208639,"op":"l","o":{"id":"MOCK-ASK-TSLA-9-1751362208639","side":"sell","price":353.15,"size":2.6412177769783587,"type":"limit"}},{"opId":120,"ts":1751362208642,"op":"l","o":{"id":"MOCK-ASK-TSLA-10-1751362208642","side":"sell","price":353.5,"size":3.821289218938492,"type":"limit"}},{"opId":121,"ts":1751362439699,"op":"l","o":{"id":"MOCK-BID-TSLA-1-1751362439699","side":"buy","price":349.65,"size":3.586029109400264,"type":"limit"}},{"opId":122,"ts":1751362439701,"op":"l","o":{"id":"MOCK-BID-TSLA-2-1751362439701","side":"buy","price":349.3,"size":2.8185771280503435,"type":"limit"}},{"opId":123,"ts":1751362439702,"op":"l","o":{"id":"MOCK-BID-TSLA-3-1751362439702","side":"buy","price":348.95,"size":0.29341420538670937,"type":"limit"}},{"opId":124,"ts":1751362439703,"op":"l","o":{"id":"MOCK-BID-TSLA-4-1751362439703","side":"buy","price":348.6,"size":0.43943925917501725,"type":"limit"}},{"opId":125,"ts":1751362439705,"op":"l","o":{"id":"MOCK-BID-TSLA-5-1751362439705","side":"buy","price":348.25,"size":0.5358840334243685,"type":"limit"}},{"opId":126,"ts":1751362439707,"op":"l","o":{"id":"MOCK-BID-TSLA-6-1751362439707","side":"buy","price":347.9,"size":1.1458726872123504,"type":"limit"}},{"opId":127,"ts":1751362439713,"op":"l","o":{"id":"MOCK-BID-TSLA-7-1751362439713","side":"buy","price":347.55,"size":0.1829936002497722,"type":"limit"}},{"opId":128,"ts":1751362439714,"op":"l","o":{"id":"MOCK-BID-TSLA-8-1751362439714","side":"buy","price":347.2,"size":2.80865543539335,"type":"limit"}},{"opId":129,"ts":1751362439716,"op":"l","o":{"id":"MOCK-BID-TSLA-9-1751362439716","side":"buy","price":346.85,"size":3.9579698165117816,"type":"limit"}},{"opId":130,"ts":1751362439717,"op":"l","o":{"id":"MOCK-BID-TSLA-10-1751362439717","side":"buy","price":346.5,"size":2.9927688934159313,"type":"limit"}},{"opId":131,"ts":1751362439718,"op":"l","o":{"id":"MOCK-ASK-TSLA-1-1751362439718","side":"sell","price":350.35,"size":3.4686470936172054,"type":"limit"}},{"opId":132,"ts":1751362439719,"op":"l","o":{"id":"MOCK-ASK-TSLA-2-1751362439719","side":"sell","price":350.7,"size":0.17105245202915445,"type":"limit"}},{"opId":133,"ts":1751362439720,"op":"l","o":{"id":"MOCK-ASK-TSLA-3-1751362439720","side":"sell","price":351.05,"size":2.2466051094230877,"type":"limit"}},{"opId":134,"ts":1751362439722,"op":"l","o":{"id":"MOCK-ASK-TSLA-4-1751362439722","side":"sell","price":351.4,"size":0.2862444910297256,"type":"limit"}},{"opId":135,"ts":1751362439725,"op":"l","o":{"id":"MOCK-ASK-TSLA-5-1751362439725","side":"sell","price":351.75,"size":3.7159770872993403,"type":"limit"}},{"opId":136,"ts":1751362439727,"op":"l","o":{"id":"MOCK-ASK-TSLA-6-1751362439726","side":"sell","price":352.1,"size":3.991381303758048,"type":"limit"}},{"opId":137,"ts":1751362439729,"op":"l","o":{"id":"MOCK-ASK-TSLA-7-1751362439729","side":"sell","price":352.45,"size":2.5987036035004594,"type":"limit"}},{"opId":138,"ts":1751362439732,"op":"l","o":{"id":"MOCK-ASK-TSLA-8-1751362439732","side":"sell","price":352.8,"size":1.7368311157205285,"type":"limit"}},{"opId":139,"ts":1751362439735,"op":"l","o":{"id":"MOCK-ASK-TSLA-9-1751362439735","side":"sell","price":353.15,"size":1.2711973506891117,"type":"limit"}},{"opId":140,"ts":1751362439736,"op":"l","o":{"id":"MOCK-ASK-TSLA-10-1751362439736","side":"sell","price":353.5,"size":1.9354220449720594,"type":"limit"}},{"opId":141,"ts":1751362635895,"op":"l","o":{"id":"MOCK-BID-TSLA-1-1751362635895","side":"buy","price":349.65,"size":4.373276336547466,"type":"limit"}},{"opId":142,"ts":1751362635896,"op":"l","o":{"id":"MOCK-BID-TSLA-2-1751362635896","side":"buy","price":349.3,"size":2.8440145574379705,"type":"limit"}},{"opId":143,"ts":1751362635897,"op":"l","o":{"id":"MOCK-BID-TSLA-3-1751362635897","side":"buy","price":348.95,"size":0.6409224634533804,"type":"limit"}},{"opId":144,"ts":1751362635898,"op":"l","o":{"id":"MOCK-BID-TSLA-4-1751362635898","side":"buy","price":348.6,"size":1.2078814777175995,"type":"limit"}},{"opId":145,"ts":1751362635900,"op":"l","o":{"id":"MOCK-BID-TSLA-5-1751362635900","side":"buy","price":348.25,"size":3.3395789186295066,"type":"limit"}},{"opId":146,"ts":1751362635902,"op":"l","o":{"id":"MOCK-BID-TSLA-6-1751362635902","side":"buy","price":347.9,"size":4.0263912019966925,"type":"limit"}},{"opId":147,"ts":1751362635905,"op":"l","o":{"id":"MOCK-BID-TSLA-7-1751362635905","side":"buy","price":347.55,"size":3.523451640681864,"type":"limit"}},{"opId":148,"ts":1751362635907,"op":"l","o":{"id":"MOCK-BID-TSLA-8-1751362635906","side":"buy","price":347.2,"size":0.8499690357320299,"type":"limit"}},{"opId":149,"ts":1751362635908,"op":"l","o":{"id":"MOCK-BID-TSLA-9-1751362635908","side":"buy","price":346.85,"size":1.2167560146707335,"type":"limit"}},{"opId":150,"ts":1751362635909,"op":"l","o":{"id":"MOCK-BID-TSLA-10-1751362635909","side":"buy","price":346.5,"size":4.58775170965411,"type":"limit"}},{"opId":151,"ts":1751362635912,"op":"l","o":{"id":"MOCK-ASK-TSLA-1-1751362635912","side":"sell","price":350.35,"size":3.2764981110859526,"type":"limit"}},{"opId":152,"ts":1751362635913,"op":"l","o":{"id":"MOCK-ASK-TSLA-2-1751362635913","side":"sell","price":350.7,"size":2.4578919467250224,"type":"limit"}},{"opId":153,"ts":1751362635915,"op":"l","o":{"id":"MOCK-ASK-TSLA-3-1751362635914","side":"sell","price":351.05,"size":3.4879360357021496,"type":"limit"}},{"opId":154,"ts":1751362635916,"op":"l","o":{"id":"MOCK-ASK-TSLA-4-1751362635916","side":"sell","price":351.4,"size":0.9973121462470479,"type":"limit"}},{"opId":155,"ts":1751362635918,"op":"l","o":{"id":"MOCK-ASK-TSLA-5-1751362635918","side":"sell","price":351.75,"size":2.373927305177094,"type":"limit"}},{"opId":156,"ts":1751362635920,"op":"l","o":{"id":"MOCK-ASK-TSLA-6-1751362635920","side":"sell","price":352.1,"size":4.49917011332965,"type":"limit"}},{"opId":157,"ts":1751362635924,"op":"l","o":{"id":"MOCK-ASK-TSLA-7-1751362635923","side":"sell","price":352.45,"size":4.362883251232116,"type":"limit"}},{"opId":158,"ts":1751362635925,"op":"l","o":{"id":"MOCK-ASK-TSLA-8-1751362635925","side":"sell","price":352.8,"size":0.7948370321876607,"type":"limit"}},{"opId":159,"ts":1751362635928,"op":"l","o":{"id":"MOCK-ASK-TSLA-9-1751362635928","side":"sell","price":353.15,"size":3.4576740748765453,"type":"limit"}},{"opId":160,"ts":1751362635932,"op":"l","o":{"id":"MOCK-ASK-TSLA-10-1751362635932","side":"sell","price":353.5,"size":3.1763912712455498,"type":"limit"}}]