[{"opId":1,"ts":1751256025830,"op":"l","o":{"id":"MOCK-BID-ETH-USDC-1-1751256025830","side":"buy","price":3496.5,"size":3.3803323356224078,"type":"limit"}},{"opId":2,"ts":1751256025832,"op":"l","o":{"id":"MOCK-BID-ETH-USDC-2-1751256025832","side":"buy","price":3493,"size":0.8790711548660212,"type":"limit"}},{"opId":3,"ts":1751256025833,"op":"l","o":{"id":"MOCK-BID-ETH-USDC-3-1751256025833","side":"buy","price":3489.5,"size":0.7480763136527856,"type":"limit"}},{"opId":4,"ts":1751256025834,"op":"l","o":{"id":"MOCK-BID-ETH-USDC-4-1751256025834","side":"buy","price":3486,"size":3.50188959817377,"type":"limit"}},{"opId":5,"ts":1751256025835,"op":"l","o":{"id":"MOCK-BID-ETH-USDC-5-1751256025835","side":"buy","price":3482.5,"size":4.584291920921826,"type":"limit"}},{"opId":6,"ts":1751256025836,"op":"l","o":{"id":"MOCK-BID-ETH-USDC-6-1751256025836","side":"buy","price":3479,"size":1.178693560696088,"type":"limit"}},{"opId":7,"ts":1751256025837,"op":"l","o":{"id":"MOCK-BID-ETH-USDC-7-1751256025837","side":"buy","price":3475.5,"size":4.5555063330106425,"type":"limit"}},{"opId":8,"ts":1751256025839,"op":"l","o":{"id":"MOCK-BID-ETH-USDC-8-1751256025839","side":"buy","price":3472,"size":0.5732387026813234,"type":"limit"}},{"opId":9,"ts":1751256025840,"op":"l","o":{"id":"MOCK-BID-ETH-USDC-9-1751256025840","side":"buy","price":3468.5,"size":2.4453268506383607,"type":"limit"}},{"opId":10,"ts":1751256025844,"op":"l","o":{"id":"MOCK-BID-ETH-USDC-10-1751256025843","side":"buy","price":3465,"size":1.7405023350686655,"type":"limit"}},{"opId":11,"ts":1751256025847,"op":"l","o":{"id":"MOCK-ASK-ETH-USDC-1-1751256025846","side":"sell","price":3503.5,"size":4.694128580819863,"type":"limit"}},{"opId":12,"ts":1751256025847,"op":"l","o":{"id":"MOCK-ASK-ETH-USDC-2-1751256025847","side":"sell","price":3507,"size":4.958752042079687,"type":"limit"}},{"opId":13,"ts":1751256025848,"op":"l","o":{"id":"MOCK-ASK-ETH-USDC-3-1751256025848","side":"sell","price":3510.5,"size":2.464818702705096,"type":"limit"}},{"opId":14,"ts":1751256025849,"op":"l","o":{"id":"MOCK-ASK-ETH-USDC-4-1751256025849","side":"sell","price":3514,"size":1.7987227442744425,"type":"limit"}},{"opId":15,"ts":1751256025850,"op":"l","o":{"id":"MOCK-ASK-ETH-USDC-5-1751256025850","side":"sell","price":3517.5,"size":0.23554344213697723,"type":"limit"}},{"opId":16,"ts":1751256025851,"op":"l","o":{"id":"MOCK-ASK-ETH-USDC-6-1751256025851","side":"sell","price":3521,"size":4.7157501553011745,"type":"limit"}},{"opId":17,"ts":1751256025853,"op":"l","o":{"id":"MOCK-ASK-ETH-USDC-7-1751256025852","side":"sell","price":3524.5,"size":0.6849522149989516,"type":"limit"}},{"opId":18,"ts":1751256025854,"op":"l","o":{"id":"MOCK-ASK-ETH-USDC-8-1751256025853","side":"sell","price":3528,"size":1.2610149098967005,"type":"limit"}},{"opId":19,"ts":1751256025855,"op":"l","o":{"id":"MOCK-ASK-ETH-USDC-9-1751256025855","side":"sell","price":3531.5,"size":2.1573170851916577,"type":"limit"}},{"opId":20,"ts":1751256025856,"op":"l","o":{"id":"MOCK-ASK-ETH-USDC-10-1751256025856","side":"sell","price":3535,"size":2.8398776226276214,"type":"limit"}},{"opId":21,"ts":1751256053919,"op":"l","o":{"id":"MOCK-BID-ETH-USDC-1-1751256053919","side":"buy","price":3496.5,"size":1.5853457630990542,"type":"limit"}},{"opId":22,"ts":1751256053921,"op":"l","o":{"id":"MOCK-BID-ETH-USDC-2-1751256053921","side":"buy","price":3493,"size":4.822032756958581,"type":"limit"}},{"opId":23,"ts":1751256053922,"op":"l","o":{"id":"MOCK-BID-ETH-USDC-3-1751256053922","side":"buy","price":3489.5,"size":1.3473949838532484,"type":"limit"}},{"opId":24,"ts":1751256053924,"op":"l","o":{"id":"MOCK-BID-ETH-USDC-4-1751256053924","side":"buy","price":3486,"size":4.123195514217004,"type":"limit"}},{"opId":25,"ts":1751256053927,"op":"l","o":{"id":"MOCK-BID-ETH-USDC-5-1751256053927","side":"buy","price":3482.5,"size":4.538300172594367,"type":"limit"}},{"opId":26,"ts":1751256053932,"op":"l","o":{"id":"MOCK-BID-ETH-USDC-6-1751256053932","side":"buy","price":3479,"size":2.4796524645140883,"type":"limit"}},{"opId":27,"ts":1751256053935,"op":"l","o":{"id":"MOCK-BID-ETH-USDC-7-1751256053935","side":"buy","price":3475.5,"size":1.0737883023698647,"type":"limit"}},{"opId":28,"ts":1751256053937,"op":"l","o":{"id":"MOCK-BID-ETH-USDC-8-1751256053937","side":"buy","price":3472,"size":2.0351358225062266,"type":"limit"}},{"opId":29,"ts":1751256053939,"op":"l","o":{"id":"MOCK-BID-ETH-USDC-9-1751256053939","side":"buy","price":3468.5,"size":2.2007950446820455,"type":"limit"}},{"opId":30,"ts":1751256053940,"op":"l","o":{"id":"MOCK-BID-ETH-USDC-10-1751256053940","side":"buy","price":3465,"size":1.1045643056650278,"type":"limit"}},{"opId":31,"ts":1751256053942,"op":"l","o":{"id":"MOCK-ASK-ETH-USDC-1-1751256053942","side":"sell","price":3503.5,"size":1.2698027770440945,"type":"limit"}},{"opId":32,"ts":1751256053948,"op":"l","o":{"id":"MOCK-ASK-ETH-USDC-2-1751256053948","side":"sell","price":3507,"size":0.6089164211465247,"type":"limit"}},{"opId":33,"ts":1751256053953,"op":"l","o":{"id":"MOCK-ASK-ETH-USDC-3-1751256053953","side":"sell","price":3510.5,"size":2.604286546778236,"type":"limit"}},{"opId":34,"ts":1751256053954,"op":"l","o":{"id":"MOCK-ASK-ETH-USDC-4-1751256053954","side":"sell","price":3514,"size":1.0998289705884756,"type":"limit"}},{"opId":35,"ts":1751256053956,"op":"l","o":{"id":"MOCK-ASK-ETH-USDC-5-1751256053956","side":"sell","price":3517.5,"size":0.7340042210515662,"type":"limit"}},{"opId":36,"ts":1751256053958,"op":"l","o":{"id":"MOCK-ASK-ETH-USDC-6-1751256053958","side":"sell","price":3521,"size":2.6959894612321555,"type":"limit"}},{"opId":37,"ts":1751256053962,"op":"l","o":{"id":"MOCK-ASK-ETH-USDC-7-1751256053962","side":"sell","price":3524.5,"size":0.5385153645104722,"type":"limit"}},{"opId":38,"ts":1751256053967,"op":"l","o":{"id":"MOCK-ASK-ETH-USDC-8-1751256053967","side":"sell","price":3528,"size":3.8899943082259436,"type":"limit"}},{"opId":39,"ts":1751256053968,"op":"l","o":{"id":"MOCK-ASK-ETH-USDC-9-1751256053968","side":"sell","price":3531.5,"size":2.5030463012501203,"type":"limit"}},{"opId":40,"ts":1751256053970,"op":"l","o":{"id":"MOCK-ASK-ETH-USDC-10-1751256053970","side":"sell","price":3535,"size":3.607447267343744,"type":"limit"}},{"opId":41,"ts":1751256543180,"op":"l","o":{"id":"MOCK-BID-ETH-USDC-1-1751256543180","side":"buy","price":3496.5,"size":2.4851312395116056,"type":"limit"}},{"opId":42,"ts":1751256543184,"op":"l","o":{"id":"MOCK-BID-ETH-USDC-2-1751256543184","side":"buy","price":3493,"size":3.477802748032257,"type":"limit"}},{"opId":43,"ts":1751256543186,"op":"l","o":{"id":"MOCK-BID-ETH-USDC-3-1751256543186","side":"buy","price":3489.5,"size":2.1153687562589476,"type":"limit"}},{"opId":44,"ts":1751256543188,"op":"l","o":{"id":"MOCK-BID-ETH-USDC-4-1751256543188","side":"buy","price":3486,"size":2.1454124440548528,"type":"limit"}},{"opId":45,"ts":1751256543190,"op":"l","o":{"id":"MOCK-BID-ETH-USDC-5-1751256543189","side":"buy","price":3482.5,"size":3.5287223967340697,"type":"limit"}},{"opId":46,"ts":1751256543191,"op":"l","o":{"id":"MOCK-BID-ETH-USDC-6-1751256543191","side":"buy","price":3479,"size":4.059129484139071,"type":"limit"}},{"opId":47,"ts":1751256543193,"op":"l","o":{"id":"MOCK-BID-ETH-USDC-7-1751256543193","side":"buy","price":3475.5,"size":0.6658092949485294,"type":"limit"}},{"opId":48,"ts":1751256543195,"op":"l","o":{"id":"MOCK-BID-ETH-USDC-8-1751256543195","side":"buy","price":3472,"size":2.8085848824996873,"type":"limit"}},{"opId":49,"ts":1751256543196,"op":"l","o":{"id":"MOCK-BID-ETH-USDC-9-1751256543196","side":"buy","price":3468.5,"size":0.801266354173603,"type":"limit"}},{"opId":50,"ts":1751256543199,"op":"l","o":{"id":"MOCK-BID-ETH-USDC-10-1751256543199","side":"buy","price":3465,"size":2.1133553779983116,"type":"limit"}},{"opId":51,"ts":1751256543202,"op":"l","o":{"id":"MOCK-ASK-ETH-USDC-1-1751256543202","side":"sell","price":3503.5,"size":3.831344332859812,"type":"limit"}},{"opId":52,"ts":1751256543203,"op":"l","o":{"id":"MOCK-ASK-ETH-USDC-2-1751256543203","side":"sell","price":3507,"size":4.250839477329253,"type":"limit"}},{"opId":53,"ts":1751256543205,"op":"l","o":{"id":"MOCK-ASK-ETH-USDC-3-1751256543205","side":"sell","price":3510.5,"size":1.5653474849929305,"type":"limit"}},{"opId":54,"ts":1751256543206,"op":"l","o":{"id":"MOCK-ASK-ETH-USDC-4-1751256543206","side":"sell","price":3514,"size":3.031553743794723,"type":"limit"}},{"opId":55,"ts":1751256543208,"op":"l","o":{"id":"MOCK-ASK-ETH-USDC-5-1751256543208","side":"sell","price":3517.5,"size":1.322574644543969,"type":"limit"}},{"opId":56,"ts":1751256543210,"op":"l","o":{"id":"MOCK-ASK-ETH-USDC-6-1751256543210","side":"sell","price":3521,"size":1.0967682406608936,"type":"limit"}},{"opId":57,"ts":1751256543213,"op":"l","o":{"id":"MOCK-ASK-ETH-USDC-7-1751256543212","side":"sell","price":3524.5,"size":1.1103006618226219,"type":"limit"}},{"opId":58,"ts":1751256543215,"op":"l","o":{"id":"MOCK-ASK-ETH-USDC-8-1751256543214","side":"sell","price":3528,"size":1.3769849640910847,"type":"limit"}},{"opId":59,"ts":1751256543217,"op":"l","o":{"id":"MOCK-ASK-ETH-USDC-9-1751256543217","side":"sell","price":3531.5,"size":1.3435986415188828,"type":"limit"}},{"opId":60,"ts":1751256543219,"op":"l","o":{"id":"MOCK-ASK-ETH-USDC-10-1751256543218","side":"sell","price":3535,"size":0.11333146911895012,"type":"limit"}},{"opId":61,"ts":1751256930458,"op":"l","o":{"id":"MOCK-BID-ETH-USDC-1-1751256930458","side":"buy","price":3496.5,"size":0.8225278912839916,"type":"limit"}},{"opId":62,"ts":1751256930462,"op":"l","o":{"id":"MOCK-BID-ETH-USDC-2-1751256930462","side":"buy","price":3493,"size":0.7412887065183692,"type":"limit"}},{"opId":63,"ts":1751256930464,"op":"l","o":{"id":"MOCK-BID-ETH-USDC-3-1751256930464","side":"buy","price":3489.5,"size":0.7278873329479773,"type":"limit"}},{"opId":64,"ts":1751256930467,"op":"l","o":{"id":"MOCK-BID-ETH-USDC-4-1751256930466","side":"buy","price":3486,"size":3.443316716756232,"type":"limit"}},{"opId":65,"ts":1751256930469,"op":"l","o":{"id":"MOCK-BID-ETH-USDC-5-1751256930469","side":"buy","price":3482.5,"size":2.944949426665071,"type":"limit"}},{"opId":66,"ts":1751256930471,"op":"l","o":{"id":"MOCK-BID-ETH-USDC-6-1751256930471","side":"buy","price":3479,"size":3.1195263775864324,"type":"limit"}},{"opId":67,"ts":1751256930472,"op":"l","o":{"id":"MOCK-BID-ETH-USDC-7-1751256930472","side":"buy","price":3475.5,"size":2.2239342716402377,"type":"limit"}},{"opId":68,"ts":1751256930474,"op":"l","o":{"id":"MOCK-BID-ETH-USDC-8-1751256930474","side":"buy","price":3472,"size":3.42819602510832,"type":"limit"}},{"opId":69,"ts":1751256930475,"op":"l","o":{"id":"MOCK-BID-ETH-USDC-9-1751256930475","side":"buy","price":3468.5,"size":1.1723870625781307,"type":"limit"}},{"opId":70,"ts":1751256930477,"op":"l","o":{"id":"MOCK-BID-ETH-USDC-10-1751256930477","side":"buy","price":3465,"size":0.5981187102392714,"type":"limit"}},{"opId":71,"ts":1751256930479,"op":"l","o":{"id":"MOCK-ASK-ETH-USDC-1-1751256930479","side":"sell","price":3503.5,"size":0.20502646218359613,"type":"limit"}},{"opId":72,"ts":1751256930481,"op":"l","o":{"id":"MOCK-ASK-ETH-USDC-2-1751256930481","side":"sell","price":3507,"size":1.524992876325728,"type":"limit"}},{"opId":73,"ts":1751256930484,"op":"l","o":{"id":"MOCK-ASK-ETH-USDC-3-1751256930483","side":"sell","price":3510.5,"size":0.752629390817302,"type":"limit"}},{"opId":74,"ts":1751256930487,"op":"l","o":{"id":"MOCK-ASK-ETH-USDC-4-1751256930487","side":"sell","price":3514,"size":0.26580068013881675,"type":"limit"}},{"opId":75,"ts":1751256930488,"op":"l","o":{"id":"MOCK-ASK-ETH-USDC-5-1751256930488","side":"sell","price":3517.5,"size":3.8093332898612533,"type":"limit"}},{"opId":76,"ts":1751256930490,"op":"l","o":{"id":"MOCK-ASK-ETH-USDC-6-1751256930490","side":"sell","price":3521,"size":3.0676348771948567,"type":"limit"}},{"opId":77,"ts":1751256930495,"op":"l","o":{"id":"MOCK-ASK-ETH-USDC-7-1751256930494","side":"sell","price":3524.5,"size":4.893966932711199,"type":"limit"}},{"opId":78,"ts":1751256930500,"op":"l","o":{"id":"MOCK-ASK-ETH-USDC-8-1751256930500","side":"sell","price":3528,"size":0.2582136252143695,"type":"limit"}},{"opId":79,"ts":1751256930503,"op":"l","o":{"id":"MOCK-ASK-ETH-USDC-9-1751256930502","side":"sell","price":3531.5,"size":3.179841362438213,"type":"limit"}},{"opId":80,"ts":1751256930507,"op":"l","o":{"id":"MOCK-ASK-ETH-USDC-10-1751256930507","side":"sell","price":3535,"size":1.0015373780976988,"type":"limit"}},{"opId":81,"ts":1751350791711,"op":"l","o":{"id":"MOCK-BID-ETH-USDC-1-1751350791711","side":"buy","price":3496.5,"size":4.491031158171593,"type":"limit"}},{"opId":82,"ts":1751350791713,"op":"l","o":{"id":"MOCK-BID-ETH-USDC-2-1751350791713","side":"buy","price":3493,"size":1.9704301756312126,"type":"limit"}},{"opId":83,"ts":1751350791715,"op":"l","o":{"id":"MOCK-BID-ETH-USDC-3-1751350791715","side":"buy","price":3489.5,"size":1.9645714977272755,"type":"limit"}},{"opId":84,"ts":1751350791716,"op":"l","o":{"id":"MOCK-BID-ETH-USDC-4-1751350791716","side":"buy","price":3486,"size":5.0012714490767545,"type":"limit"}},{"opId":85,"ts":1751350791719,"op":"l","o":{"id":"MOCK-BID-ETH-USDC-5-1751350791719","side":"buy","price":3482.5,"size":1.012003841287893,"type":"limit"}},{"opId":86,"ts":1751350791720,"op":"l","o":{"id":"MOCK-BID-ETH-USDC-6-1751350791720","side":"buy","price":3479,"size":1.435037686174655,"type":"limit"}},{"opId":87,"ts":1751350791721,"op":"l","o":{"id":"MOCK-BID-ETH-USDC-7-1751350791721","side":"buy","price":3475.5,"size":1.1267510229702704,"type":"limit"}},{"opId":88,"ts":1751350791723,"op":"l","o":{"id":"MOCK-BID-ETH-USDC-8-1751350791723","side":"buy","price":3472,"size":1.5340813310240287,"type":"limit"}},{"opId":89,"ts":1751350791724,"op":"l","o":{"id":"MOCK-BID-ETH-USDC-9-1751350791724","side":"buy","price":3468.5,"size":2.948770572220757,"type":"limit"}},{"opId":90,"ts":1751350791726,"op":"l","o":{"id":"MOCK-BID-ETH-USDC-10-1751350791726","side":"buy","price":3465,"size":4.550064439735244,"type":"limit"}},{"opId":91,"ts":1751350791727,"op":"l","o":{"id":"MOCK-ASK-ETH-USDC-1-1751350791727","side":"sell","price":3503.5,"size":1.1382081734563576,"type":"limit"}},{"opId":92,"ts":1751350791728,"op":"l","o":{"id":"MOCK-ASK-ETH-USDC-2-1751350791728","side":"sell","price":3507,"size":2.7167645003259975,"type":"limit"}},{"opId":93,"ts":1751350791730,"op":"l","o":{"id":"MOCK-ASK-ETH-USDC-3-1751350791730","side":"sell","price":3510.5,"size":1.79582241681694,"type":"limit"}},{"opId":94,"ts":1751350791732,"op":"l","o":{"id":"MOCK-ASK-ETH-USDC-4-1751350791732","side":"sell","price":3514,"size":1.26482550404723,"type":"limit"}},{"opId":95,"ts":1751350791734,"op":"l","o":{"id":"MOCK-ASK-ETH-USDC-5-1751350791734","side":"sell","price":3517.5,"size":3.148011626798984,"type":"limit"}},{"opId":96,"ts":1751350791736,"op":"l","o":{"id":"MOCK-ASK-ETH-USDC-6-1751350791736","side":"sell","price":3521,"size":2.2629183205448866,"type":"limit"}},{"opId":97,"ts":1751350791737,"op":"l","o":{"id":"MOCK-ASK-ETH-USDC-7-1751350791737","side":"sell","price":3524.5,"size":2.0762585116804875,"type":"limit"}},{"opId":98,"ts":1751350791739,"op":"l","o":{"id":"MOCK-ASK-ETH-USDC-8-1751350791739","side":"sell","price":3528,"size":1.5946575627639148,"type":"limit"}},{"opId":99,"ts":1751350791741,"op":"l","o":{"id":"MOCK-ASK-ETH-USDC-9-1751350791741","side":"sell","price":3531.5,"size":4.263740865252471,"type":"limit"}},{"opId":100,"ts":1751350791742,"op":"l","o":{"id":"MOCK-ASK-ETH-USDC-10-1751350791742","side":"sell","price":3535,"size":3.1042397986959758,"type":"limit"}},{"opId":101,"ts":1751351925455,"op":"l","o":{"id":"MOCK-BID-ETH-USDC-1-1751351925455","side":"buy","price":3496.5,"size":0.5491527421746855,"type":"limit"}},{"opId":102,"ts":1751351925458,"op":"l","o":{"id":"MOCK-BID-ETH-USDC-2-1751351925458","side":"buy","price":3493,"size":2.0982699905695257,"type":"limit"}},{"opId":103,"ts":1751351925460,"op":"l","o":{"id":"MOCK-BID-ETH-USDC-3-1751351925460","side":"buy","price":3489.5,"size":1.8815656483431709,"type":"limit"}},{"opId":104,"ts":1751351925462,"op":"l","o":{"id":"MOCK-BID-ETH-USDC-4-1751351925462","side":"buy","price":3486,"size":3.4001497889861976,"type":"limit"}},{"opId":105,"ts":1751351925463,"op":"l","o":{"id":"MOCK-BID-ETH-USDC-5-1751351925463","side":"buy","price":3482.5,"size":1.8057374971582807,"type":"limit"}},{"opId":106,"ts":1751351925465,"op":"l","o":{"id":"MOCK-BID-ETH-USDC-6-1751351925465","side":"buy","price":3479,"size":1.3925241830808732,"type":"limit"}},{"opId":107,"ts":1751351925468,"op":"l","o":{"id":"MOCK-BID-ETH-USDC-7-1751351925468","side":"buy","price":3475.5,"size":4.656553354955332,"type":"limit"}},{"opId":108,"ts":1751351925470,"op":"l","o":{"id":"MOCK-BID-ETH-USDC-8-1751351925470","side":"buy","price":3472,"size":3.928044181212741,"type":"limit"}},{"opId":109,"ts":1751351925472,"op":"l","o":{"id":"MOCK-BID-ETH-USDC-9-1751351925471","side":"buy","price":3468.5,"size":1.2283737873651623,"type":"limit"}},{"opId":110,"ts":1751351925474,"op":"l","o":{"id":"MOCK-BID-ETH-USDC-10-1751351925474","side":"buy","price":3465,"size":2.3829679000284023,"type":"limit"}},{"opId":111,"ts":1751351925476,"op":"l","o":{"id":"MOCK-ASK-ETH-USDC-1-1751351925476","side":"sell","price":3503.5,"size":2.271477158657138,"type":"limit"}},{"opId":112,"ts":1751351925478,"op":"l","o":{"id":"MOCK-ASK-ETH-USDC-2-1751351925478","side":"sell","price":3507,"size":3.5161476538293477,"type":"limit"}},{"opId":113,"ts":1751351925480,"op":"l","o":{"id":"MOCK-ASK-ETH-USDC-3-1751351925480","side":"sell","price":3510.5,"size":4.401230977258891,"type":"limit"}},{"opId":114,"ts":1751351925483,"op":"l","o":{"id":"MOCK-ASK-ETH-USDC-4-1751351925483","side":"sell","price":3514,"size":1.2115850746206702,"type":"limit"}},{"opId":115,"ts":1751351925486,"op":"l","o":{"id":"MOCK-ASK-ETH-USDC-5-1751351925486","side":"sell","price":3517.5,"size":1.7913811543228852,"type":"limit"}},{"opId":116,"ts":1751351925491,"op":"l","o":{"id":"MOCK-ASK-ETH-USDC-6-1751351925491","side":"sell","price":3521,"size":2.2634501235206774,"type":"limit"}},{"opId":117,"ts":1751351925494,"op":"l","o":{"id":"MOCK-ASK-ETH-USDC-7-1751351925494","side":"sell","price":3524.5,"size":1.823387465766264,"type":"limit"}},{"opId":118,"ts":1751351925496,"op":"l","o":{"id":"MOCK-ASK-ETH-USDC-8-1751351925496","side":"sell","price":3528,"size":3.7876300215097305,"type":"limit"}},{"opId":119,"ts":1751351925499,"op":"l","o":{"id":"MOCK-ASK-ETH-USDC-9-1751351925499","side":"sell","price":3531.5,"size":4.8468591294473455,"type":"limit"}},{"opId":120,"ts":1751351925502,"op":"l","o":{"id":"MOCK-ASK-ETH-USDC-10-1751351925502","side":"sell","price":3535,"size":3.06765854630505,"type":"limit"}},{"opId":121,"ts":1751352295403,"op":"l","o":{"id":"MOCK-BID-ETH-USDC-1-1751352295403","side":"buy","price":3496.5,"size":4.541157313420082,"type":"limit"}},{"opId":122,"ts":1751352295405,"op":"l","o":{"id":"MOCK-BID-ETH-USDC-2-1751352295405","side":"buy","price":3493,"size":3.9789457543251783,"type":"limit"}},{"opId":123,"ts":1751352295408,"op":"l","o":{"id":"MOCK-BID-ETH-USDC-3-1751352295408","side":"buy","price":3489.5,"size":0.8241529247648492,"type":"limit"}},{"opId":124,"ts":1751352295409,"op":"l","o":{"id":"MOCK-BID-ETH-USDC-4-1751352295409","side":"buy","price":3486,"size":2.968099476483544,"type":"limit"}},{"opId":125,"ts":1751352295410,"op":"l","o":{"id":"MOCK-BID-ETH-USDC-5-1751352295410","side":"buy","price":3482.5,"size":0.6544726076965545,"type":"limit"}},{"opId":126,"ts":1751352295413,"op":"l","o":{"id":"MOCK-BID-ETH-USDC-6-1751352295413","side":"buy","price":3479,"size":5.062080383465093,"type":"limit"}},{"opId":127,"ts":1751352295417,"op":"l","o":{"id":"MOCK-BID-ETH-USDC-7-1751352295416","side":"buy","price":3475.5,"size":4.0196271699828205,"type":"limit"}},{"opId":128,"ts":1751352295422,"op":"l","o":{"id":"MOCK-BID-ETH-USDC-8-1751352295422","side":"buy","price":3472,"size":0.2809908447285002,"type":"limit"}},{"opId":129,"ts":1751352295427,"op":"l","o":{"id":"MOCK-BID-ETH-USDC-9-1751352295427","side":"buy","price":3468.5,"size":1.2979842110057294,"type":"limit"}},{"opId":130,"ts":1751352295428,"op":"l","o":{"id":"MOCK-BID-ETH-USDC-10-1751352295428","side":"buy","price":3465,"size":4.312452703496305,"type":"limit"}},{"opId":131,"ts":1751352295429,"op":"l","o":{"id":"MOCK-ASK-ETH-USDC-1-1751352295429","side":"sell","price":3503.5,"size":2.3367564414040776,"type":"limit"}},{"opId":132,"ts":1751352295431,"op":"l","o":{"id":"MOCK-ASK-ETH-USDC-2-1751352295431","side":"sell","price":3507,"size":3.3603395072995936,"type":"limit"}},{"opId":133,"ts":1751352295433,"op":"l","o":{"id":"MOCK-ASK-ETH-USDC-3-1751352295433","side":"sell","price":3510.5,"size":3.975470203388823,"type":"limit"}},{"opId":134,"ts":1751352295436,"op":"l","o":{"id":"MOCK-ASK-ETH-USDC-4-1751352295436","side":"sell","price":3514,"size":3.3683251980766618,"type":"limit"}},{"opId":135,"ts":1751352295437,"op":"l","o":{"id":"MOCK-ASK-ETH-USDC-5-1751352295437","side":"sell","price":3517.5,"size":0.46204901454105596,"type":"limit"}},{"opId":136,"ts":1751352295438,"op":"l","o":{"id":"MOCK-ASK-ETH-USDC-6-1751352295438","side":"sell","price":3521,"size":1.3188861046849043,"type":"limit"}},{"opId":137,"ts":1751352295440,"op":"l","o":{"id":"MOCK-ASK-ETH-USDC-7-1751352295439","side":"sell","price":3524.5,"size":1.558337545154338,"type":"limit"}},{"opId":138,"ts":1751352295441,"op":"l","o":{"id":"MOCK-ASK-ETH-USDC-8-1751352295441","side":"sell","price":3528,"size":3.9894043580659875,"type":"limit"}},{"opId":139,"ts":1751352295443,"op":"l","o":{"id":"MOCK-ASK-ETH-USDC-9-1751352295443","side":"sell","price":3531.5,"size":0.6795720595539133,"type":"limit"}},{"opId":140,"ts":1751352295444,"op":"l","o":{"id":"MOCK-ASK-ETH-USDC-10-1751352295444","side":"sell","price":3535,"size":4.852683140919249,"type":"limit"}},{"opId":141,"ts":1751354316664,"op":"l","o":{"id":"MOCK-BID-ETH-USDC-1-1751354316664","side":"buy","price":3496.5,"size":4.587399835767665,"type":"limit"}},{"opId":142,"ts":1751354316667,"op":"l","o":{"id":"MOCK-BID-ETH-USDC-2-1751354316667","side":"buy","price":3493,"size":3.664026589039445,"type":"limit"}},{"opId":143,"ts":1751354316670,"op":"l","o":{"id":"MOCK-BID-ETH-USDC-3-1751354316670","side":"buy","price":3489.5,"size":0.40593297461176225,"type":"limit"}},{"opId":144,"ts":1751354316672,"op":"l","o":{"id":"MOCK-BID-ETH-USDC-4-1751354316672","side":"buy","price":3486,"size":3.858352682331264,"type":"limit"}},{"opId":145,"ts":1751354316675,"op":"l","o":{"id":"MOCK-BID-ETH-USDC-5-1751354316675","side":"buy","price":3482.5,"size":4.44351209936472,"type":"limit"}},{"opId":146,"ts":1751354316678,"op":"l","o":{"id":"MOCK-BID-ETH-USDC-6-1751354316678","side":"buy","price":3479,"size":2.976298160499963,"type":"limit"}},{"opId":147,"ts":1751354316682,"op":"l","o":{"id":"MOCK-BID-ETH-USDC-7-1751354316682","side":"buy","price":3475.5,"size":2.8956055151829427,"type":"limit"}},{"opId":148,"ts":1751354316685,"op":"l","o":{"id":"MOCK-BID-ETH-USDC-8-1751354316685","side":"buy","price":3472,"size":0.6259013328366713,"type":"limit"}},{"opId":149,"ts":1751354316688,"op":"l","o":{"id":"MOCK-BID-ETH-USDC-9-1751354316688","side":"buy","price":3468.5,"size":4.724127431438921,"type":"limit"}},{"opId":150,"ts":1751354316694,"op":"l","o":{"id":"MOCK-BID-ETH-USDC-10-1751354316693","side":"buy","price":3465,"size":0.5690980495860242,"type":"limit"}},{"opId":151,"ts":1751354316700,"op":"l","o":{"id":"MOCK-ASK-ETH-USDC-1-1751354316700","side":"sell","price":3503.5,"size":1.1425268151920898,"type":"limit"}},{"opId":152,"ts":1751354316706,"op":"l","o":{"id":"MOCK-ASK-ETH-USDC-2-1751354316706","side":"sell","price":3507,"size":2.8911696665652253,"type":"limit"}},{"opId":153,"ts":1751354316708,"op":"l","o":{"id":"MOCK-ASK-ETH-USDC-3-1751354316708","side":"sell","price":3510.5,"size":1.9485414357348485,"type":"limit"}},{"opId":154,"ts":1751354316713,"op":"l","o":{"id":"MOCK-ASK-ETH-USDC-4-1751354316713","side":"sell","price":3514,"size":3.143331679916653,"type":"limit"}},{"opId":155,"ts":1751354316722,"op":"l","o":{"id":"MOCK-ASK-ETH-USDC-5-1751354316722","side":"sell","price":3517.5,"size":2.962910832922175,"type":"limit"}},{"opId":156,"ts":1751354316727,"op":"l","o":{"id":"MOCK-ASK-ETH-USDC-6-1751354316727","side":"sell","price":3521,"size":3.9814412429919943,"type":"limit"}},{"opId":157,"ts":1751354316731,"op":"l","o":{"id":"MOCK-ASK-ETH-USDC-7-1751354316731","side":"sell","price":3524.5,"size":0.5552359957651775,"type":"limit"}},{"opId":158,"ts":1751354316733,"op":"l","o":{"id":"MOCK-ASK-ETH-USDC-8-1751354316733","side":"sell","price":3528,"size":1.5384249418968698,"type":"limit"}},{"opId":159,"ts":1751354316735,"op":"l","o":{"id":"MOCK-ASK-ETH-USDC-9-1751354316735","side":"sell","price":3531.5,"size":1.1107847609813104,"type":"limit"}},{"opId":160,"ts":1751354316739,"op":"l","o":{"id":"MOCK-ASK-ETH-USDC-10-1751354316738","side":"sell","price":3535,"size":0.1669446425353515,"type":"limit"}},{"opId":161,"ts":1751362208094,"op":"l","o":{"id":"MOCK-BID-ETH-USDC-1-1751362208094","side":"buy","price":3496.5,"size":1.6937391961487769,"type":"limit"}},{"opId":162,"ts":1751362208099,"op":"l","o":{"id":"MOCK-BID-ETH-USDC-2-1751362208098","side":"buy","price":3493,"size":2.6949164396470526,"type":"limit"}},{"opId":163,"ts":1751362208102,"op":"l","o":{"id":"MOCK-BID-ETH-USDC-3-1751362208102","side":"buy","price":3489.5,"size":1.0693908060304558,"type":"limit"}},{"opId":164,"ts":1751362208105,"op":"l","o":{"id":"MOCK-BID-ETH-USDC-4-1751362208105","side":"buy","price":3486,"size":0.9192769357981067,"type":"limit"}},{"opId":165,"ts":1751362208108,"op":"l","o":{"id":"MOCK-BID-ETH-USDC-5-1751362208108","side":"buy","price":3482.5,"size":4.5994211151544455,"type":"limit"}},{"opId":166,"ts":1751362208113,"op":"l","o":{"id":"MOCK-BID-ETH-USDC-6-1751362208113","side":"buy","price":3479,"size":0.45094074522122873,"type":"limit"}},{"opId":167,"ts":1751362208121,"op":"l","o":{"id":"MOCK-BID-ETH-USDC-7-1751362208121","side":"buy","price":3475.5,"size":2.3700497591047,"type":"limit"}},{"opId":168,"ts":1751362208132,"op":"l","o":{"id":"MOCK-BID-ETH-USDC-8-1751362208132","side":"buy","price":3472,"size":2.7487510705522333,"type":"limit"}},{"opId":169,"ts":1751362208141,"op":"l","o":{"id":"MOCK-BID-ETH-USDC-9-1751362208140","side":"buy","price":3468.5,"size":3.5760458822441965,"type":"limit"}},{"opId":170,"ts":1751362208144,"op":"l","o":{"id":"MOCK-BID-ETH-USDC-10-1751362208144","side":"buy","price":3465,"size":2.2269836148926268,"type":"limit"}},{"opId":171,"ts":1751362208154,"op":"l","o":{"id":"MOCK-ASK-ETH-USDC-1-1751362208154","side":"sell","price":3503.5,"size":1.3980440990407372,"type":"limit"}},{"opId":172,"ts":1751362208173,"op":"l","o":{"id":"MOCK-ASK-ETH-USDC-2-1751362208170","side":"sell","price":3507,"size":1.111321612940993,"type":"limit"}},{"opId":173,"ts":1751362208178,"op":"l","o":{"id":"MOCK-ASK-ETH-USDC-3-1751362208178","side":"sell","price":3510.5,"size":2.9743570358425098,"type":"limit"}},{"opId":174,"ts":1751362208182,"op":"l","o":{"id":"MOCK-ASK-ETH-USDC-4-1751362208182","side":"sell","price":3514,"size":4.760899821449973,"type":"limit"}},{"opId":175,"ts":1751362208190,"op":"l","o":{"id":"MOCK-ASK-ETH-USDC-5-1751362208190","side":"sell","price":3517.5,"size":2.274408479748262,"type":"limit"}},{"opId":176,"ts":1751362208193,"op":"l","o":{"id":"MOCK-ASK-ETH-USDC-6-1751362208193","side":"sell","price":3521,"size":1.9624275146819214,"type":"limit"}},{"opId":177,"ts":1751362208196,"op":"l","o":{"id":"MOCK-ASK-ETH-USDC-7-1751362208196","side":"sell","price":3524.5,"size":2.8891014487435562,"type":"limit"}},{"opId":178,"ts":1751362208202,"op":"l","o":{"id":"MOCK-ASK-ETH-USDC-8-1751362208202","side":"sell","price":3528,"size":3.657662609245429,"type":"limit"}},{"opId":179,"ts":1751362208204,"op":"l","o":{"id":"MOCK-ASK-ETH-USDC-9-1751362208204","side":"sell","price":3531.5,"size":2.58246626915273,"type":"limit"}},{"opId":180,"ts":1751362208210,"op":"l","o":{"id":"MOCK-ASK-ETH-USDC-10-1751362208209","side":"sell","price":3535,"size":3.296138987776538,"type":"limit"}},{"opId":181,"ts":1751362439497,"op":"l","o":{"id":"MOCK-BID-ETH-USDC-1-1751362439497","side":"buy","price":3496.5,"size":4.418280390461377,"type":"limit"}},{"opId":182,"ts":1751362439498,"op":"l","o":{"id":"MOCK-BID-ETH-USDC-2-1751362439498","side":"buy","price":3493,"size":4.198325302983674,"type":"limit"}},{"opId":183,"ts":1751362439500,"op":"l","o":{"id":"MOCK-BID-ETH-USDC-3-1751362439500","side":"buy","price":3489.5,"size":4.88015480668059,"type":"limit"}},{"opId":184,"ts":1751362439501,"op":"l","o":{"id":"MOCK-BID-ETH-USDC-4-1751362439501","side":"buy","price":3486,"size":3.170130181397338,"type":"limit"}},{"opId":185,"ts":1751362439502,"op":"l","o":{"id":"MOCK-BID-ETH-USDC-5-1751362439502","side":"buy","price":3482.5,"size":1.2305429423809255,"type":"limit"}},{"opId":186,"ts":1751362439503,"op":"l","o":{"id":"MOCK-BID-ETH-USDC-6-1751362439503","side":"buy","price":3479,"size":0.6496071114709888,"type":"limit"}},{"opId":187,"ts":1751362439507,"op":"l","o":{"id":"MOCK-BID-ETH-USDC-7-1751362439507","side":"buy","price":3475.5,"size":3.0119638745594157,"type":"limit"}},{"opId":188,"ts":1751362439508,"op":"l","o":{"id":"MOCK-BID-ETH-USDC-8-1751362439508","side":"buy","price":3472,"size":2.0256859544510784,"type":"limit"}},{"opId":189,"ts":1751362439513,"op":"l","o":{"id":"MOCK-BID-ETH-USDC-9-1751362439513","side":"buy","price":3468.5,"size":2.499887175564517,"type":"limit"}},{"opId":190,"ts":1751362439514,"op":"l","o":{"id":"MOCK-BID-ETH-USDC-10-1751362439514","side":"buy","price":3465,"size":0.8111073941561774,"type":"limit"}},{"opId":191,"ts":1751362439516,"op":"l","o":{"id":"MOCK-ASK-ETH-USDC-1-1751362439516","side":"sell","price":3503.5,"size":1.1227193937657431,"type":"limit"}},{"opId":192,"ts":1751362439517,"op":"l","o":{"id":"MOCK-ASK-ETH-USDC-2-1751362439517","side":"sell","price":3507,"size":4.476937114113536,"type":"limit"}},{"opId":193,"ts":1751362439518,"op":"l","o":{"id":"MOCK-ASK-ETH-USDC-3-1751362439518","side":"sell","price":3510.5,"size":1.593938919672292,"type":"limit"}},{"opId":194,"ts":1751362439520,"op":"l","o":{"id":"MOCK-ASK-ETH-USDC-4-1751362439520","side":"sell","price":3514,"size":4.581668642422902,"type":"limit"}},{"opId":195,"ts":1751362439521,"op":"l","o":{"id":"MOCK-ASK-ETH-USDC-5-1751362439521","side":"sell","price":3517.5,"size":3.8998809933823373,"type":"limit"}},{"opId":196,"ts":1751362439523,"op":"l","o":{"id":"MOCK-ASK-ETH-USDC-6-1751362439523","side":"sell","price":3521,"size":4.891758550977297,"type":"limit"}},{"opId":197,"ts":1751362439526,"op":"l","o":{"id":"MOCK-ASK-ETH-USDC-7-1751362439526","side":"sell","price":3524.5,"size":1.8820509823552467,"type":"limit"}},{"opId":198,"ts":1751362439528,"op":"l","o":{"id":"MOCK-ASK-ETH-USDC-8-1751362439528","side":"sell","price":3528,"size":2.500653261017707,"type":"limit"}},{"opId":199,"ts":1751362439530,"op":"l","o":{"id":"MOCK-ASK-ETH-USDC-9-1751362439530","side":"sell","price":3531.5,"size":4.2924077073308435,"type":"limit"}},{"opId":200,"ts":1751362439534,"op":"l","o":{"id":"MOCK-ASK-ETH-USDC-10-1751362439534","side":"sell","price":3535,"size":2.224466152262905,"type":"limit"}},{"opId":201,"ts":1751362635712,"op":"l","o":{"id":"MOCK-BID-ETH-USDC-1-1751362635712","side":"buy","price":3496.5,"size":3.6264595998955196,"type":"limit"}},{"opId":202,"ts":1751362635715,"op":"l","o":{"id":"MOCK-BID-ETH-USDC-2-1751362635715","side":"buy","price":3493,"size":3.662340540150937,"type":"limit"}},{"opId":203,"ts":1751362635716,"op":"l","o":{"id":"MOCK-BID-ETH-USDC-3-1751362635716","side":"buy","price":3489.5,"size":3.6871796059989514,"type":"limit"}},{"opId":204,"ts":1751362635717,"op":"l","o":{"id":"MOCK-BID-ETH-USDC-4-1751362635717","side":"buy","price":3486,"size":5.0678909769004425,"type":"limit"}},{"opId":205,"ts":1751362635719,"op":"l","o":{"id":"MOCK-BID-ETH-USDC-5-1751362635719","side":"buy","price":3482.5,"size":2.3116823326911162,"type":"limit"}},{"opId":206,"ts":1751362635720,"op":"l","o":{"id":"MOCK-BID-ETH-USDC-6-1751362635720","side":"buy","price":3479,"size":1.5759902771542833,"type":"limit"}},{"opId":207,"ts":1751362635722,"op":"l","o":{"id":"MOCK-BID-ETH-USDC-7-1751362635722","side":"buy","price":3475.5,"size":2.6902573722302603,"type":"limit"}},{"opId":208,"ts":1751362635724,"op":"l","o":{"id":"MOCK-BID-ETH-USDC-8-1751362635724","side":"buy","price":3472,"size":1.491197164118987,"type":"limit"}},{"opId":209,"ts":1751362635726,"op":"l","o":{"id":"MOCK-BID-ETH-USDC-9-1751362635726","side":"buy","price":3468.5,"size":0.13761932785672273,"type":"limit"}},{"opId":210,"ts":1751362635728,"op":"l","o":{"id":"MOCK-BID-ETH-USDC-10-1751362635728","side":"buy","price":3465,"size":1.2946353222978357,"type":"limit"}},{"opId":211,"ts":1751362635729,"op":"l","o":{"id":"MOCK-ASK-ETH-USDC-1-1751362635729","side":"sell","price":3503.5,"size":5.031221457062257,"type":"limit"}},{"opId":212,"ts":1751362635730,"op":"l","o":{"id":"MOCK-ASK-ETH-USDC-2-1751362635730","side":"sell","price":3507,"size":4.365791241124638,"type":"limit"}},{"opId":213,"ts":1751362635731,"op":"l","o":{"id":"MOCK-ASK-ETH-USDC-3-1751362635731","side":"sell","price":3510.5,"size":3.0650716154520716,"type":"limit"}},{"opId":214,"ts":1751362635733,"op":"l","o":{"id":"MOCK-ASK-ETH-USDC-4-1751362635733","side":"sell","price":3514,"size":2.0664962054978453,"type":"limit"}},{"opId":215,"ts":1751362635734,"op":"l","o":{"id":"MOCK-ASK-ETH-USDC-5-1751362635734","side":"sell","price":3517.5,"size":2.7621279008210906,"type":"limit"}},{"opId":216,"ts":1751362635736,"op":"l","o":{"id":"MOCK-ASK-ETH-USDC-6-1751362635735","side":"sell","price":3521,"size":0.7110107611549531,"type":"limit"}},{"opId":217,"ts":1751362635737,"op":"l","o":{"id":"MOCK-ASK-ETH-USDC-7-1751362635737","side":"sell","price":3524.5,"size":4.348921458043498,"type":"limit"}},{"opId":218,"ts":1751362635738,"op":"l","o":{"id":"MOCK-ASK-ETH-USDC-8-1751362635738","side":"sell","price":3528,"size":2.8197726385490984,"type":"limit"}},{"opId":219,"ts":1751362635740,"op":"l","o":{"id":"MOCK-ASK-ETH-USDC-9-1751362635740","side":"sell","price":3531.5,"size":0.7483646947343269,"type":"limit"}},{"opId":220,"ts":1751362635741,"op":"l","o":{"id":"MOCK-ASK-ETH-USDC-10-1751362635741","side":"sell","price":3535,"size":4.217065353145922,"type":"limit"}},{"opId":221,"ts":1751607719582,"op":"l","o":{"id":"MOCK-BID-ETH-USDC-1-1751607719582","side":"buy","price":3496.5,"size":4.1399554213515595,"type":"limit"}},{"opId":222,"ts":1751607719584,"op":"l","o":{"id":"MOCK-BID-ETH-USDC-2-1751607719583","side":"buy","price":3493,"size":2.7098989553848396,"type":"limit"}},{"opId":223,"ts":1751607719585,"op":"l","o":{"id":"MOCK-BID-ETH-USDC-3-1751607719585","side":"buy","price":3489.5,"size":2.976889016944496,"type":"limit"}},{"opId":224,"ts":1751607719587,"op":"l","o":{"id":"MOCK-BID-ETH-USDC-4-1751607719587","side":"buy","price":3486,"size":3.5007356896980713,"type":"limit"}},{"opId":225,"ts":1751607719589,"op":"l","o":{"id":"MOCK-BID-ETH-USDC-5-1751607719589","side":"buy","price":3482.5,"size":1.7387053921347173,"type":"limit"}},{"opId":226,"ts":1751607719590,"op":"l","o":{"id":"MOCK-BID-ETH-USDC-6-1751607719590","side":"buy","price":3479,"size":4.645652915880943,"type":"limit"}},{"opId":227,"ts":1751607719592,"op":"l","o":{"id":"MOCK-BID-ETH-USDC-7-1751607719592","side":"buy","price":3475.5,"size":2.2116160398297544,"type":"limit"}},{"opId":228,"ts":1751607719593,"op":"l","o":{"id":"MOCK-BID-ETH-USDC-8-1751607719593","side":"buy","price":3472,"size":3.6295624660601153,"type":"limit"}},{"opId":229,"ts":1751607719595,"op":"l","o":{"id":"MOCK-BID-ETH-USDC-9-1751607719595","side":"buy","price":3468.5,"size":3.1696495005497307,"type":"limit"}},{"opId":230,"ts":1751607719596,"op":"l","o":{"id":"MOCK-BID-ETH-USDC-10-1751607719596","side":"buy","price":3465,"size":0.21948000525266678,"type":"limit"}},{"opId":231,"ts":1751607719597,"op":"l","o":{"id":"MOCK-ASK-ETH-USDC-1-1751607719597","side":"sell","price":3503.5,"size":3.637996518589106,"type":"limit"}},{"opId":232,"ts":1751607719599,"op":"l","o":{"id":"MOCK-ASK-ETH-USDC-2-1751607719599","side":"sell","price":3507,"size":0.47923134937752454,"type":"limit"}},{"opId":233,"ts":1751607719600,"op":"l","o":{"id":"MOCK-ASK-ETH-USDC-3-1751607719600","side":"sell","price":3510.5,"size":0.9323207796151566,"type":"limit"}},{"opId":234,"ts":1751607719603,"op":"l","o":{"id":"MOCK-ASK-ETH-USDC-4-1751607719603","side":"sell","price":3514,"size":4.470323955567037,"type":"limit"}},{"opId":235,"ts":1751607719605,"op":"l","o":{"id":"MOCK-ASK-ETH-USDC-5-1751607719604","side":"sell","price":3517.5,"size":0.47499898677671337,"type":"limit"}},{"opId":236,"ts":1751607719606,"op":"l","o":{"id":"MOCK-ASK-ETH-USDC-6-1751607719606","side":"sell","price":3521,"size":4.725427201714068,"type":"limit"}},{"opId":237,"ts":1751607719608,"op":"l","o":{"id":"MOCK-ASK-ETH-USDC-7-1751607719608","side":"sell","price":3524.5,"size":2.6140157326542126,"type":"limit"}},{"opId":238,"ts":1751607719609,"op":"l","o":{"id":"MOCK-ASK-ETH-USDC-8-1751607719609","side":"sell","price":3528,"size":3.567550794412271,"type":"limit"}},{"opId":239,"ts":1751607719611,"op":"l","o":{"id":"MOCK-ASK-ETH-USDC-9-1751607719611","side":"sell","price":3531.5,"size":3.861142458936535,"type":"limit"}},{"opId":240,"ts":1751607719612,"op":"l","o":{"id":"MOCK-ASK-ETH-USDC-10-1751607719612","side":"sell","price":3535,"size":3.017817170962108,"type":"limit"}},{"opId":241,"ts":1751608273274,"op":"l","o":{"id":"MOCK-BID-ETH-USDC-1-1751608273274","side":"buy","price":3496.5,"size":3.9250757406821357,"type":"limit"}},{"opId":242,"ts":1751608273276,"op":"l","o":{"id":"MOCK-BID-ETH-USDC-2-1751608273276","side":"buy","price":3493,"size":3.329812377869422,"type":"limit"}},{"opId":243,"ts":1751608273279,"op":"l","o":{"id":"MOCK-BID-ETH-USDC-3-1751608273278","side":"buy","price":3489.5,"size":1.3408961938977915,"type":"limit"}},{"opId":244,"ts":1751608273281,"op":"l","o":{"id":"MOCK-BID-ETH-USDC-4-1751608273281","side":"buy","price":3486,"size":4.44898928853928,"type":"limit"}},{"opId":245,"ts":1751608273285,"op":"l","o":{"id":"MOCK-BID-ETH-USDC-5-1751608273284","side":"buy","price":3482.5,"size":1.98687771959286,"type":"limit"}},{"opId":246,"ts":1751608273290,"op":"l","o":{"id":"MOCK-BID-ETH-USDC-6-1751608273290","side":"buy","price":3479,"size":4.73202853476155,"type":"limit"}},{"opId":247,"ts":1751608273296,"op":"l","o":{"id":"MOCK-BID-ETH-USDC-7-1751608273295","side":"buy","price":3475.5,"size":4.0847298006465245,"type":"limit"}},{"opId":248,"ts":1751608273300,"op":"l","o":{"id":"MOCK-BID-ETH-USDC-8-1751608273300","side":"buy","price":3472,"size":4.86099122998765,"type":"limit"}},{"opId":249,"ts":1751608273303,"op":"l","o":{"id":"MOCK-BID-ETH-USDC-9-1751608273303","side":"buy","price":3468.5,"size":1.320270995378775,"type":"limit"}},{"opId":250,"ts":1751608273306,"op":"l","o":{"id":"MOCK-BID-ETH-USDC-10-1751608273306","side":"buy","price":3465,"size":1.519835400405506,"type":"limit"}},{"opId":251,"ts":1751608273309,"op":"l","o":{"id":"MOCK-ASK-ETH-USDC-1-1751608273309","side":"sell","price":3503.5,"size":4.877521794490677,"type":"limit"}},{"opId":252,"ts":1751608273312,"op":"l","o":{"id":"MOCK-ASK-ETH-USDC-2-1751608273312","side":"sell","price":3507,"size":1.1357204293429302,"type":"limit"}},{"opId":253,"ts":1751608273317,"op":"l","o":{"id":"MOCK-ASK-ETH-USDC-3-1751608273317","side":"sell","price":3510.5,"size":2.0724003350739704,"type":"limit"}},{"opId":254,"ts":1751608273332,"op":"l","o":{"id":"MOCK-ASK-ETH-USDC-4-1751608273327","side":"sell","price":3514,"size":2.6923614698826137,"type":"limit"}},{"opId":255,"ts":1751608273344,"op":"l","o":{"id":"MOCK-ASK-ETH-USDC-5-1751608273344","side":"sell","price":3517.5,"size":0.2259880657479029,"type":"limit"}},{"opId":256,"ts":1751608273347,"op":"l","o":{"id":"MOCK-ASK-ETH-USDC-6-1751608273347","side":"sell","price":3521,"size":4.889776485313833,"type":"limit"}},{"opId":257,"ts":1751608273350,"op":"l","o":{"id":"MOCK-ASK-ETH-USDC-7-1751608273350","side":"sell","price":3524.5,"size":0.1594555965371535,"type":"limit"}},{"opId":258,"ts":1751608273353,"op":"l","o":{"id":"MOCK-ASK-ETH-USDC-8-1751608273353","side":"sell","price":3528,"size":3.05213483522754,"type":"limit"}},{"opId":259,"ts":1751608273358,"op":"l","o":{"id":"MOCK-ASK-ETH-USDC-9-1751608273358","side":"sell","price":3531.5,"size":2.1494538470268574,"type":"limit"}},{"opId":260,"ts":1751608273361,"op":"l","o":{"id":"MOCK-ASK-ETH-USDC-10-1751608273361","side":"sell","price":3535,"size":3.2966479783638305,"type":"limit"}},{"opId":261,"ts":1751616144518,"op":"l","o":{"id":"MOCK-BID-ETH-USDC-1-1751616144518","side":"buy","price":3496.5,"size":3.566344691881629,"type":"limit"}},{"opId":262,"ts":1751616144524,"op":"l","o":{"id":"MOCK-BID-ETH-USDC-2-1751616144524","side":"buy","price":3493,"size":1.8024735646706769,"type":"limit"}},{"opId":263,"ts":1751616144536,"op":"l","o":{"id":"MOCK-BID-ETH-USDC-3-1751616144536","side":"buy","price":3489.5,"size":3.8259175455671,"type":"limit"}},{"opId":264,"ts":1751616144539,"op":"l","o":{"id":"MOCK-BID-ETH-USDC-4-1751616144539","side":"buy","price":3486,"size":3.685336428361555,"type":"limit"}},{"opId":265,"ts":1751616144545,"op":"l","o":{"id":"MOCK-BID-ETH-USDC-5-1751616144545","side":"buy","price":3482.5,"size":2.2839418414012447,"type":"limit"}},{"opId":266,"ts":1751616144553,"op":"l","o":{"id":"MOCK-BID-ETH-USDC-6-1751616144553","side":"buy","price":3479,"size":3.155073181567307,"type":"limit"}},{"opId":267,"ts":1751616144556,"op":"l","o":{"id":"MOCK-BID-ETH-USDC-7-1751616144556","side":"buy","price":3475.5,"size":4.083484637701827,"type":"limit"}},{"opId":268,"ts":1751616144564,"op":"l","o":{"id":"MOCK-BID-ETH-USDC-8-1751616144564","side":"buy","price":3472,"size":3.2802350033553815,"type":"limit"}},{"opId":269,"ts":1751616144804,"op":"l","o":{"id":"MOCK-BID-ETH-USDC-9-1751616144804","side":"buy","price":3468.5,"size":4.336896452005121,"type":"limit"}},{"opId":270,"ts":1751616144807,"op":"l","o":{"id":"MOCK-BID-ETH-USDC-10-1751616144807","side":"buy","price":3465,"size":2.246204765564389,"type":"limit"}},{"opId":271,"ts":1751616144817,"op":"l","o":{"id":"MOCK-ASK-ETH-USDC-1-1751616144816","side":"sell","price":3503.5,"size":1.9839447700339374,"type":"limit"}},{"opId":272,"ts":1751616144954,"op":"l","o":{"id":"MOCK-ASK-ETH-USDC-2-1751616144953","side":"sell","price":3507,"size":1.7573210649705273,"type":"limit"}},{"opId":273,"ts":1751616145000,"op":"l","o":{"id":"MOCK-ASK-ETH-USDC-3-1751616145000","side":"sell","price":3510.5,"size":2.1674272567509845,"type":"limit"}},{"opId":274,"ts":1751616145018,"op":"l","o":{"id":"MOCK-ASK-ETH-USDC-4-1751616145018","side":"sell","price":3514,"size":4.224663430686129,"type":"limit"}},{"opId":275,"ts":1751616145022,"op":"l","o":{"id":"MOCK-ASK-ETH-USDC-5-1751616145022","side":"sell","price":3517.5,"size":1.9793373433835681,"type":"limit"}},{"opId":276,"ts":1751616145029,"op":"l","o":{"id":"MOCK-ASK-ETH-USDC-6-1751616145029","side":"sell","price":3521,"size":4.498966026896337,"type":"limit"}},{"opId":277,"ts":1751616145337,"op":"l","o":{"id":"MOCK-ASK-ETH-USDC-7-1751616145336","side":"sell","price":3524.5,"size":0.8202617216002549,"type":"limit"}},{"opId":278,"ts":1751616145340,"op":"l","o":{"id":"MOCK-ASK-ETH-USDC-8-1751616145340","side":"sell","price":3528,"size":1.10008127962258,"type":"limit"}},{"opId":279,"ts":1751616145574,"op":"l","o":{"id":"MOCK-ASK-ETH-USDC-9-1751616145574","side":"sell","price":3531.5,"size":3.1479780115513334,"type":"limit"}},{"opId":280,"ts":1751616145583,"op":"l","o":{"id":"MOCK-ASK-ETH-USDC-10-1751616145583","side":"sell","price":3535,"size":0.3644930097506659,"type":"limit"}}]