[{"opId":1,"ts":1751256930847,"op":"l","o":{"id":"MOCK-BID-HOOD-1-1751256930847","side":"buy","price":24.975,"size":0.25440764653726344,"type":"limit"}},{"opId":2,"ts":1751256930848,"op":"l","o":{"id":"MOCK-BID-HOOD-2-1751256930848","side":"buy","price":24.95,"size":3.9107629248499456,"type":"limit"}},{"opId":3,"ts":1751256930850,"op":"l","o":{"id":"MOCK-BID-HOOD-3-1751256930850","side":"buy","price":24.925,"size":0.6715315642826857,"type":"limit"}},{"opId":4,"ts":1751256930851,"op":"l","o":{"id":"MOCK-BID-HOOD-4-1751256930851","side":"buy","price":24.9,"size":4.265435459236661,"type":"limit"}},{"opId":5,"ts":1751256930853,"op":"l","o":{"id":"MOCK-BID-HOOD-5-1751256930853","side":"buy","price":24.875,"size":4.924341682323446,"type":"limit"}},{"opId":6,"ts":1751256930854,"op":"l","o":{"id":"MOCK-BID-HOOD-6-1751256930854","side":"buy","price":24.85,"size":1.9579414426207398,"type":"limit"}},{"opId":7,"ts":1751256930855,"op":"l","o":{"id":"MOCK-BID-HOOD-7-1751256930855","side":"buy","price":24.825,"size":0.9887472879847824,"type":"limit"}},{"opId":8,"ts":1751256930857,"op":"l","o":{"id":"MOCK-BID-HOOD-8-1751256930857","side":"buy","price":24.8,"size":3.2662999483341646,"type":"limit"}},{"opId":9,"ts":1751256930859,"op":"l","o":{"id":"MOCK-BID-HOOD-9-1751256930858","side":"buy","price":24.775,"size":4.383824760433243,"type":"limit"}},{"opId":10,"ts":1751256930860,"op":"l","o":{"id":"MOCK-BID-HOOD-10-1751256930860","side":"buy","price":24.75,"size":3.6914235158280406,"type":"limit"}},{"opId":11,"ts":1751256930862,"op":"l","o":{"id":"MOCK-ASK-HOOD-1-1751256930862","side":"sell","price":25.025,"size":1.7901118919295467,"type":"limit"}},{"opId":12,"ts":1751256930864,"op":"l","o":{"id":"MOCK-ASK-HOOD-2-1751256930864","side":"sell","price":25.05,"size":5.0622482794119605,"type":"limit"}},{"opId":13,"ts":1751256930865,"op":"l","o":{"id":"MOCK-ASK-HOOD-3-1751256930865","side":"sell","price":25.075,"size":1.5736109318182134,"type":"limit"}},{"opId":14,"ts":1751256930867,"op":"l","o":{"id":"MOCK-ASK-HOOD-4-1751256930867","side":"sell","price":25.1,"size":2.7348574168880826,"type":"limit"}},{"opId":15,"ts":1751256930869,"op":"l","o":{"id":"MOCK-ASK-HOOD-5-1751256930869","side":"sell","price":25.125,"size":4.205377867009261,"type":"limit"}},{"opId":16,"ts":1751256930871,"op":"l","o":{"id":"MOCK-ASK-HOOD-6-1751256930871","side":"sell","price":25.15,"size":2.96278830439704,"type":"limit"}},{"opId":17,"ts":1751256930872,"op":"l","o":{"id":"MOCK-ASK-HOOD-7-1751256930872","side":"sell","price":25.175,"size":0.5760988633036134,"type":"limit"}},{"opId":18,"ts":1751256930874,"op":"l","o":{"id":"MOCK-ASK-HOOD-8-1751256930874","side":"sell","price":25.2,"size":3.5257830064356663,"type":"limit"}},{"opId":19,"ts":1751256930876,"op":"l","o":{"id":"MOCK-ASK-HOOD-9-1751256930875","side":"sell","price":25.225,"size":0.9801815521184997,"type":"limit"}},{"opId":20,"ts":1751256930877,"op":"l","o":{"id":"MOCK-ASK-HOOD-10-1751256930877","side":"sell","price":25.25,"size":0.11131684259971455,"type":"limit"}},{"opId":21,"ts":1751350792124,"op":"l","o":{"id":"MOCK-BID-HOOD-1-1751350792124","side":"buy","price":24.975,"size":0.2513615605032814,"type":"limit"}},{"opId":22,"ts":1751350792125,"op":"l","o":{"id":"MOCK-BID-HOOD-2-1751350792125","side":"buy","price":24.95,"size":2.115758915734667,"type":"limit"}},{"opId":23,"ts":1751350792126,"op":"l","o":{"id":"MOCK-BID-HOOD-3-1751350792126","side":"buy","price":24.925,"size":0.8898117810970484,"type":"limit"}},{"opId":24,"ts":1751350792129,"op":"l","o":{"id":"MOCK-BID-HOOD-4-1751350792129","side":"buy","price":24.9,"size":1.9210810853059046,"type":"limit"}},{"opId":25,"ts":1751350792130,"op":"l","o":{"id":"MOCK-BID-HOOD-5-1751350792130","side":"buy","price":24.875,"size":4.771292664487126,"type":"limit"}},{"opId":26,"ts":1751350792131,"op":"l","o":{"id":"MOCK-BID-HOOD-6-1751350792131","side":"buy","price":24.85,"size":4.8704734051604675,"type":"limit"}},{"opId":27,"ts":1751350792132,"op":"l","o":{"id":"MOCK-BID-HOOD-7-1751350792132","side":"buy","price":24.825,"size":4.659799997097325,"type":"limit"}},{"opId":28,"ts":1751350792133,"op":"l","o":{"id":"MOCK-BID-HOOD-8-1751350792133","side":"buy","price":24.8,"size":4.354487614651782,"type":"limit"}},{"opId":29,"ts":1751350792134,"op":"l","o":{"id":"MOCK-BID-HOOD-9-1751350792134","side":"buy","price":24.775,"size":0.45914906010668377,"type":"limit"}},{"opId":30,"ts":1751350792136,"op":"l","o":{"id":"MOCK-BID-HOOD-10-1751350792136","side":"buy","price":24.75,"size":3.4960338829547557,"type":"limit"}},{"opId":31,"ts":1751350792137,"op":"l","o":{"id":"MOCK-ASK-HOOD-1-1751350792137","side":"sell","price":25.025,"size":4.262783871007665,"type":"limit"}},{"opId":32,"ts":1751350792141,"op":"l","o":{"id":"MOCK-ASK-HOOD-2-1751350792141","side":"sell","price":25.05,"size":1.6662045240127077,"type":"limit"}},{"opId":33,"ts":1751350792142,"op":"l","o":{"id":"MOCK-ASK-HOOD-3-1751350792142","side":"sell","price":25.075,"size":2.739767532721539,"type":"limit"}},{"opId":34,"ts":1751350792143,"op":"l","o":{"id":"MOCK-ASK-HOOD-4-1751350792143","side":"sell","price":25.1,"size":3.5698596008749117,"type":"limit"}},{"opId":35,"ts":1751350792146,"op":"l","o":{"id":"MOCK-ASK-HOOD-5-1751350792146","side":"sell","price":25.125,"size":2.283101385103934,"type":"limit"}},{"opId":36,"ts":1751350792147,"op":"l","o":{"id":"MOCK-ASK-HOOD-6-1751350792147","side":"sell","price":25.15,"size":2.8978261218388646,"type":"limit"}},{"opId":37,"ts":1751350792148,"op":"l","o":{"id":"MOCK-ASK-HOOD-7-1751350792148","side":"sell","price":25.175,"size":4.987756171458991,"type":"limit"}},{"opId":38,"ts":1751350792149,"op":"l","o":{"id":"MOCK-ASK-HOOD-8-1751350792149","side":"sell","price":25.2,"size":3.3294057685719114,"type":"limit"}},{"opId":39,"ts":1751350792150,"op":"l","o":{"id":"MOCK-ASK-HOOD-9-1751350792150","side":"sell","price":25.225,"size":4.4630370508949735,"type":"limit"}},{"opId":40,"ts":1751350792152,"op":"l","o":{"id":"MOCK-ASK-HOOD-10-1751350792152","side":"sell","price":25.25,"size":3.064149075494629,"type":"limit"}},{"opId":41,"ts":1751351925828,"op":"l","o":{"id":"MOCK-BID-HOOD-1-1751351925828","side":"buy","price":24.975,"size":1.8526280753090951,"type":"limit"}},{"opId":42,"ts":1751351925830,"op":"l","o":{"id":"MOCK-BID-HOOD-2-1751351925830","side":"buy","price":24.95,"size":4.262487829477365,"type":"limit"}},{"opId":43,"ts":1751351925831,"op":"l","o":{"id":"MOCK-BID-HOOD-3-1751351925831","side":"buy","price":24.925,"size":3.4044750373179222,"type":"limit"}},{"opId":44,"ts":1751351925833,"op":"l","o":{"id":"MOCK-BID-HOOD-4-1751351925833","side":"buy","price":24.9,"size":1.1723378015383246,"type":"limit"}},{"opId":45,"ts":1751351925835,"op":"l","o":{"id":"MOCK-BID-HOOD-5-1751351925835","side":"buy","price":24.875,"size":0.10394441162647752,"type":"limit"}},{"opId":46,"ts":1751351925839,"op":"l","o":{"id":"MOCK-BID-HOOD-6-1751351925839","side":"buy","price":24.85,"size":3.5235177040345356,"type":"limit"}},{"opId":47,"ts":1751351925840,"op":"l","o":{"id":"MOCK-BID-HOOD-7-1751351925840","side":"buy","price":24.825,"size":2.4953758689454286,"type":"limit"}},{"opId":48,"ts":1751351925841,"op":"l","o":{"id":"MOCK-BID-HOOD-8-1751351925841","side":"buy","price":24.8,"size":3.6181655776724586,"type":"limit"}},{"opId":49,"ts":1751351925842,"op":"l","o":{"id":"MOCK-BID-HOOD-9-1751351925842","side":"buy","price":24.775,"size":3.804636961128176,"type":"limit"}},{"opId":50,"ts":1751351925843,"op":"l","o":{"id":"MOCK-BID-HOOD-10-1751351925843","side":"buy","price":24.75,"size":2.5728300960101325,"type":"limit"}},{"opId":51,"ts":1751351925845,"op":"l","o":{"id":"MOCK-ASK-HOOD-1-1751351925844","side":"sell","price":25.025,"size":5.0949921586878055,"type":"limit"}},{"opId":52,"ts":1751351925846,"op":"l","o":{"id":"MOCK-ASK-HOOD-2-1751351925846","side":"sell","price":25.05,"size":4.902116427997049,"type":"limit"}},{"opId":53,"ts":1751351925848,"op":"l","o":{"id":"MOCK-ASK-HOOD-3-1751351925848","side":"sell","price":25.075,"size":0.9284557611720033,"type":"limit"}},{"opId":54,"ts":1751351925849,"op":"l","o":{"id":"MOCK-ASK-HOOD-4-1751351925849","side":"sell","price":25.1,"size":0.23437738952975953,"type":"limit"}},{"opId":55,"ts":1751351925851,"op":"l","o":{"id":"MOCK-ASK-HOOD-5-1751351925851","side":"sell","price":25.125,"size":1.8454030873226623,"type":"limit"}},{"opId":56,"ts":1751351925854,"op":"l","o":{"id":"MOCK-ASK-HOOD-6-1751351925853","side":"sell","price":25.15,"size":2.511678519041617,"type":"limit"}},{"opId":57,"ts":1751351925858,"op":"l","o":{"id":"MOCK-ASK-HOOD-7-1751351925858","side":"sell","price":25.175,"size":2.5431934188805494,"type":"limit"}},{"opId":58,"ts":1751351925860,"op":"l","o":{"id":"MOCK-ASK-HOOD-8-1751351925860","side":"sell","price":25.2,"size":0.10190319134872441,"type":"limit"}},{"opId":59,"ts":1751351925862,"op":"l","o":{"id":"MOCK-ASK-HOOD-9-1751351925862","side":"sell","price":25.225,"size":2.8565037835817852,"type":"limit"}},{"opId":60,"ts":1751351925864,"op":"l","o":{"id":"MOCK-ASK-HOOD-10-1751351925864","side":"sell","price":25.25,"size":4.11350215142407,"type":"limit"}},{"opId":61,"ts":1751352295915,"op":"l","o":{"id":"MOCK-BID-HOOD-1-1751352295915","side":"buy","price":24.975,"size":3.031419101071078,"type":"limit"}},{"opId":62,"ts":1751352295917,"op":"l","o":{"id":"MOCK-BID-HOOD-2-1751352295917","side":"buy","price":24.95,"size":2.637262486093436,"type":"limit"}},{"opId":63,"ts":1751352295920,"op":"l","o":{"id":"MOCK-BID-HOOD-3-1751352295919","side":"buy","price":24.925,"size":1.756131304825379,"type":"limit"}},{"opId":64,"ts":1751352295921,"op":"l","o":{"id":"MOCK-BID-HOOD-4-1751352295921","side":"buy","price":24.9,"size":3.098449980863879,"type":"limit"}},{"opId":65,"ts":1751352295922,"op":"l","o":{"id":"MOCK-BID-HOOD-5-1751352295922","side":"buy","price":24.875,"size":0.2512734846695107,"type":"limit"}},{"opId":66,"ts":1751352295924,"op":"l","o":{"id":"MOCK-BID-HOOD-6-1751352295924","side":"buy","price":24.85,"size":0.11348472792859768,"type":"limit"}},{"opId":67,"ts":1751352295926,"op":"l","o":{"id":"MOCK-BID-HOOD-7-1751352295926","side":"buy","price":24.825,"size":2.851201716773303,"type":"limit"}},{"opId":68,"ts":1751352295932,"op":"l","o":{"id":"MOCK-BID-HOOD-8-1751352295931","side":"buy","price":24.8,"size":1.3493429789455258,"type":"limit"}},{"opId":69,"ts":1751352295938,"op":"l","o":{"id":"MOCK-BID-HOOD-9-1751352295937","side":"buy","price":24.775,"size":3.0463393379588477,"type":"limit"}},{"opId":70,"ts":1751352295941,"op":"l","o":{"id":"MOCK-BID-HOOD-10-1751352295941","side":"buy","price":24.75,"size":3.960166325599055,"type":"limit"}},{"opId":71,"ts":1751352295943,"op":"l","o":{"id":"MOCK-ASK-HOOD-1-1751352295943","side":"sell","price":25.025,"size":4.035457230611524,"type":"limit"}},{"opId":72,"ts":1751352295945,"op":"l","o":{"id":"MOCK-ASK-HOOD-2-1751352295944","side":"sell","price":25.05,"size":2.1877524610271606,"type":"limit"}},{"opId":73,"ts":1751352295946,"op":"l","o":{"id":"MOCK-ASK-HOOD-3-1751352295946","side":"sell","price":25.075,"size":2.79765565525299,"type":"limit"}},{"opId":74,"ts":1751352295948,"op":"l","o":{"id":"MOCK-ASK-HOOD-4-1751352295948","side":"sell","price":25.1,"size":2.593357433293112,"type":"limit"}},{"opId":75,"ts":1751352295949,"op":"l","o":{"id":"MOCK-ASK-HOOD-5-1751352295949","side":"sell","price":25.125,"size":1.2198835374731498,"type":"limit"}},{"opId":76,"ts":1751352295952,"op":"l","o":{"id":"MOCK-ASK-HOOD-6-1751352295952","side":"sell","price":25.15,"size":0.4409351956628892,"type":"limit"}},{"opId":77,"ts":1751352295954,"op":"l","o":{"id":"MOCK-ASK-HOOD-7-1751352295954","side":"sell","price":25.175,"size":0.8120263863773324,"type":"limit"}},{"opId":78,"ts":1751352295955,"op":"l","o":{"id":"MOCK-ASK-HOOD-8-1751352295955","side":"sell","price":25.2,"size":0.6926836546171332,"type":"limit"}},{"opId":79,"ts":1751352295958,"op":"l","o":{"id":"MOCK-ASK-HOOD-9-1751352295957","side":"sell","price":25.225,"size":0.20827436963101623,"type":"limit"}},{"opId":80,"ts":1751352295961,"op":"l","o":{"id":"MOCK-ASK-HOOD-10-1751352295960","side":"sell","price":25.25,"size":3.8408278238266678,"type":"limit"}},{"opId":81,"ts":1751354317399,"op":"l","o":{"id":"MOCK-BID-HOOD-1-1751354317399","side":"buy","price":24.975,"size":4.077345022131771,"type":"limit"}},{"opId":82,"ts":1751354317406,"op":"l","o":{"id":"MOCK-BID-HOOD-2-1751354317405","side":"buy","price":24.95,"size":3.7360371593880424,"type":"limit"}},{"opId":83,"ts":1751354317409,"op":"l","o":{"id":"MOCK-BID-HOOD-3-1751354317409","side":"buy","price":24.925,"size":0.29486336142774505,"type":"limit"}},{"opId":84,"ts":1751354317411,"op":"l","o":{"id":"MOCK-BID-HOOD-4-1751354317411","side":"buy","price":24.9,"size":1.7431772148775881,"type":"limit"}},{"opId":85,"ts":1751354317414,"op":"l","o":{"id":"MOCK-BID-HOOD-5-1751354317414","side":"buy","price":24.875,"size":3.6897516693588495,"type":"limit"}},{"opId":86,"ts":1751354317419,"op":"l","o":{"id":"MOCK-BID-HOOD-6-1751354317419","side":"buy","price":24.85,"size":2.125028179095002,"type":"limit"}},{"opId":87,"ts":1751354317423,"op":"l","o":{"id":"MOCK-BID-HOOD-7-1751354317423","side":"buy","price":24.825,"size":0.24893045595738897,"type":"limit"}},{"opId":88,"ts":1751354317425,"op":"l","o":{"id":"MOCK-BID-HOOD-8-1751354317425","side":"buy","price":24.8,"size":1.2423876007374668,"type":"limit"}},{"opId":89,"ts":1751354317428,"op":"l","o":{"id":"MOCK-BID-HOOD-9-1751354317428","side":"buy","price":24.775,"size":0.3146006914086329,"type":"limit"}},{"opId":90,"ts":1751354317435,"op":"l","o":{"id":"MOCK-BID-HOOD-10-1751354317434","side":"buy","price":24.75,"size":3.4959559289923514,"type":"limit"}},{"opId":91,"ts":1751354317441,"op":"l","o":{"id":"MOCK-ASK-HOOD-1-1751354317441","side":"sell","price":25.025,"size":3.039977165416555,"type":"limit"}},{"opId":92,"ts":1751354317443,"op":"l","o":{"id":"MOCK-ASK-HOOD-2-1751354317443","side":"sell","price":25.05,"size":1.1138511860121025,"type":"limit"}},{"opId":93,"ts":1751354317446,"op":"l","o":{"id":"MOCK-ASK-HOOD-3-1751354317446","side":"sell","price":25.075,"size":4.327617078235688,"type":"limit"}},{"opId":94,"ts":1751354317452,"op":"l","o":{"id":"MOCK-ASK-HOOD-4-1751354317452","side":"sell","price":25.1,"size":4.887464212884527,"type":"limit"}},{"opId":95,"ts":1751354317456,"op":"l","o":{"id":"MOCK-ASK-HOOD-5-1751354317456","side":"sell","price":25.125,"size":2.283097756170681,"type":"limit"}},{"opId":96,"ts":1751354317458,"op":"l","o":{"id":"MOCK-ASK-HOOD-6-1751354317458","side":"sell","price":25.15,"size":3.671020467337205,"type":"limit"}},{"opId":97,"ts":1751354317461,"op":"l","o":{"id":"MOCK-ASK-HOOD-7-1751354317461","side":"sell","price":25.175,"size":0.4767679872764484,"type":"limit"}},{"opId":98,"ts":1751354317463,"op":"l","o":{"id":"MOCK-ASK-HOOD-8-1751354317463","side":"sell","price":25.2,"size":0.974532780969306,"type":"limit"}},{"opId":99,"ts":1751354317466,"op":"l","o":{"id":"MOCK-ASK-HOOD-9-1751354317466","side":"sell","price":25.225,"size":4.4674247713383535,"type":"limit"}},{"opId":100,"ts":1751354317469,"op":"l","o":{"id":"MOCK-ASK-HOOD-10-1751354317468","side":"sell","price":25.25,"size":1.6016011887533477,"type":"limit"}},{"opId":101,"ts":1751362209075,"op":"l","o":{"id":"MOCK-BID-HOOD-1-1751362209075","side":"buy","price":24.975,"size":0.1600750723169563,"type":"limit"}},{"opId":102,"ts":1751362209079,"op":"l","o":{"id":"MOCK-BID-HOOD-2-1751362209079","side":"buy","price":24.95,"size":4.085572605275922,"type":"limit"}},{"opId":103,"ts":1751362209085,"op":"l","o":{"id":"MOCK-BID-HOOD-3-1751362209085","side":"buy","price":24.925,"size":3.07778805582116,"type":"limit"}},{"opId":104,"ts":1751362209089,"op":"l","o":{"id":"MOCK-BID-HOOD-4-1751362209089","side":"buy","price":24.9,"size":3.9777330959041444,"type":"limit"}},{"opId":105,"ts":1751362209091,"op":"l","o":{"id":"MOCK-BID-HOOD-5-1751362209091","side":"buy","price":24.875,"size":1.444587863820015,"type":"limit"}},{"opId":106,"ts":1751362209095,"op":"l","o":{"id":"MOCK-BID-HOOD-6-1751362209095","side":"buy","price":24.85,"size":1.7124146078396085,"type":"limit"}},{"opId":107,"ts":1751362209097,"op":"l","o":{"id":"MOCK-BID-HOOD-7-1751362209097","side":"buy","price":24.825,"size":2.9223773996481905,"type":"limit"}},{"opId":108,"ts":1751362209099,"op":"l","o":{"id":"MOCK-BID-HOOD-8-1751362209099","side":"buy","price":24.8,"size":3.0397877039017263,"type":"limit"}},{"opId":109,"ts":1751362209101,"op":"l","o":{"id":"MOCK-BID-HOOD-9-1751362209101","side":"buy","price":24.775,"size":1.969963020371166,"type":"limit"}},{"opId":110,"ts":1751362209110,"op":"l","o":{"id":"MOCK-BID-HOOD-10-1751362209110","side":"buy","price":24.75,"size":2.9001983612852436,"type":"limit"}},{"opId":111,"ts":1751362209112,"op":"l","o":{"id":"MOCK-ASK-HOOD-1-1751362209112","side":"sell","price":25.025,"size":1.983068495758985,"type":"limit"}},{"opId":112,"ts":1751362209115,"op":"l","o":{"id":"MOCK-ASK-HOOD-2-1751362209114","side":"sell","price":25.05,"size":2.791514731789533,"type":"limit"}},{"opId":113,"ts":1751362209117,"op":"l","o":{"id":"MOCK-ASK-HOOD-3-1751362209117","side":"sell","price":25.075,"size":3.6581018765088102,"type":"limit"}},{"opId":114,"ts":1751362209120,"op":"l","o":{"id":"MOCK-ASK-HOOD-4-1751362209120","side":"sell","price":25.1,"size":2.6079028297245577,"type":"limit"}},{"opId":115,"ts":1751362209123,"op":"l","o":{"id":"MOCK-ASK-HOOD-5-1751362209122","side":"sell","price":25.125,"size":1.0103924614463544,"type":"limit"}},{"opId":116,"ts":1751362209125,"op":"l","o":{"id":"MOCK-ASK-HOOD-6-1751362209125","side":"sell","price":25.15,"size":2.999524705861377,"type":"limit"}},{"opId":117,"ts":1751362209132,"op":"l","o":{"id":"MOCK-ASK-HOOD-7-1751362209132","side":"sell","price":25.175,"size":3.74440500852407,"type":"limit"}},{"opId":118,"ts":1751362209139,"op":"l","o":{"id":"MOCK-ASK-HOOD-8-1751362209139","side":"sell","price":25.2,"size":2.1972521731378047,"type":"limit"}},{"opId":119,"ts":1751362209144,"op":"l","o":{"id":"MOCK-ASK-HOOD-9-1751362209144","side":"sell","price":25.225,"size":1.8635044728750227,"type":"limit"}},{"opId":120,"ts":1751362209147,"op":"l","o":{"id":"MOCK-ASK-HOOD-10-1751362209147","side":"sell","price":25.25,"size":2.715132156775759,"type":"limit"}},{"opId":121,"ts":1751362439959,"op":"l","o":{"id":"MOCK-BID-HOOD-1-1751362439959","side":"buy","price":24.975,"size":3.7702117936898483,"type":"limit"}},{"opId":122,"ts":1751362439961,"op":"l","o":{"id":"MOCK-BID-HOOD-2-1751362439961","side":"buy","price":24.95,"size":0.1341526994627861,"type":"limit"}},{"opId":123,"ts":1751362439963,"op":"l","o":{"id":"MOCK-BID-HOOD-3-1751362439963","side":"buy","price":24.925,"size":1.415559132622205,"type":"limit"}},{"opId":124,"ts":1751362439967,"op":"l","o":{"id":"MOCK-BID-HOOD-4-1751362439967","side":"buy","price":24.9,"size":4.060567433707529,"type":"limit"}},{"opId":125,"ts":1751362439969,"op":"l","o":{"id":"MOCK-BID-HOOD-5-1751362439968","side":"buy","price":24.875,"size":1.7242580737664148,"type":"limit"}},{"opId":126,"ts":1751362439969,"op":"l","o":{"id":"MOCK-BID-HOOD-6-1751362439969","side":"buy","price":24.85,"size":1.9024067712238357,"type":"limit"}},{"opId":127,"ts":1751362439971,"op":"l","o":{"id":"MOCK-BID-HOOD-7-1751362439971","side":"buy","price":24.825,"size":4.189854876578589,"type":"limit"}},{"opId":128,"ts":1751362439975,"op":"l","o":{"id":"MOCK-BID-HOOD-8-1751362439975","side":"buy","price":24.8,"size":0.39842705096397857,"type":"limit"}},{"opId":129,"ts":1751362439980,"op":"l","o":{"id":"MOCK-BID-HOOD-9-1751362439979","side":"buy","price":24.775,"size":0.535678829525451,"type":"limit"}},{"opId":130,"ts":1751362439982,"op":"l","o":{"id":"MOCK-BID-HOOD-10-1751362439982","side":"buy","price":24.75,"size":0.6603772535139517,"type":"limit"}},{"opId":131,"ts":1751362439983,"op":"l","o":{"id":"MOCK-ASK-HOOD-1-1751362439983","side":"sell","price":25.025,"size":3.823015013094565,"type":"limit"}},{"opId":132,"ts":1751362439984,"op":"l","o":{"id":"MOCK-ASK-HOOD-2-1751362439984","side":"sell","price":25.05,"size":5.090040877197006,"type":"limit"}},{"opId":133,"ts":1751362439986,"op":"l","o":{"id":"MOCK-ASK-HOOD-3-1751362439986","side":"sell","price":25.075,"size":3.0637598022013623,"type":"limit"}},{"opId":134,"ts":1751362439987,"op":"l","o":{"id":"MOCK-ASK-HOOD-4-1751362439987","side":"sell","price":25.1,"size":4.172651696104476,"type":"limit"}},{"opId":135,"ts":1751362439989,"op":"l","o":{"id":"MOCK-ASK-HOOD-5-1751362439989","side":"sell","price":25.125,"size":4.993937552500703,"type":"limit"}},{"opId":136,"ts":1751362439991,"op":"l","o":{"id":"MOCK-ASK-HOOD-6-1751362439991","side":"sell","price":25.15,"size":1.8036101156306583,"type":"limit"}},{"opId":137,"ts":1751362439994,"op":"l","o":{"id":"MOCK-ASK-HOOD-7-1751362439993","side":"sell","price":25.175,"size":0.7068442452856759,"type":"limit"}},{"opId":138,"ts":1751362439997,"op":"l","o":{"id":"MOCK-ASK-HOOD-8-1751362439997","side":"sell","price":25.2,"size":3.518103994721671,"type":"limit"}},{"opId":139,"ts":1751362439998,"op":"l","o":{"id":"MOCK-ASK-HOOD-9-1751362439998","side":"sell","price":25.225,"size":3.8246245486402275,"type":"limit"}},{"opId":140,"ts":1751362440000,"op":"l","o":{"id":"MOCK-ASK-HOOD-10-1751362440000","side":"sell","price":25.25,"size":1.127744498973725,"type":"limit"}},{"opId":141,"ts":1751362636147,"op":"l","o":{"id":"MOCK-BID-HOOD-1-1751362636147","side":"buy","price":24.975,"size":1.4426384245220725,"type":"limit"}},{"opId":142,"ts":1751362636149,"op":"l","o":{"id":"MOCK-BID-HOOD-2-1751362636149","side":"buy","price":24.95,"size":1.0238976345002548,"type":"limit"}},{"opId":143,"ts":1751362636150,"op":"l","o":{"id":"MOCK-BID-HOOD-3-1751362636150","side":"buy","price":24.925,"size":3.119514049909975,"type":"limit"}},{"opId":144,"ts":1751362636152,"op":"l","o":{"id":"MOCK-BID-HOOD-4-1751362636152","side":"buy","price":24.9,"size":1.1650208669881823,"type":"limit"}},{"opId":145,"ts":1751362636156,"op":"l","o":{"id":"MOCK-BID-HOOD-5-1751362636156","side":"buy","price":24.875,"size":2.337151783380801,"type":"limit"}},{"opId":146,"ts":1751362636157,"op":"l","o":{"id":"MOCK-BID-HOOD-6-1751362636157","side":"buy","price":24.85,"size":0.9992269123678098,"type":"limit"}},{"opId":147,"ts":1751362636159,"op":"l","o":{"id":"MOCK-BID-HOOD-7-1751362636159","side":"buy","price":24.825,"size":2.7749842345197027,"type":"limit"}},{"opId":148,"ts":1751362636161,"op":"l","o":{"id":"MOCK-BID-HOOD-8-1751362636161","side":"buy","price":24.8,"size":1.0461257386877632,"type":"limit"}},{"opId":149,"ts":1751362636163,"op":"l","o":{"id":"MOCK-BID-HOOD-9-1751362636163","side":"buy","price":24.775,"size":3.1486071961278506,"type":"limit"}},{"opId":150,"ts":1751362636164,"op":"l","o":{"id":"MOCK-BID-HOOD-10-1751362636164","side":"buy","price":24.75,"size":2.8851498941746367,"type":"limit"}},{"opId":151,"ts":1751362636165,"op":"l","o":{"id":"MOCK-ASK-HOOD-1-1751362636165","side":"sell","price":25.025,"size":0.8263614045192312,"type":"limit"}},{"opId":152,"ts":1751362636167,"op":"l","o":{"id":"MOCK-ASK-HOOD-2-1751362636167","side":"sell","price":25.05,"size":3.270713805579335,"type":"limit"}},{"opId":153,"ts":1751362636169,"op":"l","o":{"id":"MOCK-ASK-HOOD-3-1751362636169","side":"sell","price":25.075,"size":0.5930040946974701,"type":"limit"}},{"opId":154,"ts":1751362636172,"op":"l","o":{"id":"MOCK-ASK-HOOD-4-1751362636172","side":"sell","price":25.1,"size":2.929225761103614,"type":"limit"}},{"opId":155,"ts":1751362636173,"op":"l","o":{"id":"MOCK-ASK-HOOD-5-1751362636173","side":"sell","price":25.125,"size":2.274083531633515,"type":"limit"}},{"opId":156,"ts":1751362636174,"op":"l","o":{"id":"MOCK-ASK-HOOD-6-1751362636174","side":"sell","price":25.15,"size":1.6892146128069518,"type":"limit"}},{"opId":157,"ts":1751362636176,"op":"l","o":{"id":"MOCK-ASK-HOOD-7-1751362636176","side":"sell","price":25.175,"size":1.6194901538995743,"type":"limit"}},{"opId":158,"ts":1751362636178,"op":"l","o":{"id":"MOCK-ASK-HOOD-8-1751362636178","side":"sell","price":25.2,"size":4.810160451317343,"type":"limit"}},{"opId":159,"ts":1751362636180,"op":"l","o":{"id":"MOCK-ASK-HOOD-9-1751362636180","side":"sell","price":25.225,"size":4.186405294622595,"type":"limit"}},{"opId":160,"ts":1751362636184,"op":"l","o":{"id":"MOCK-ASK-HOOD-10-1751362636184","side":"sell","price":25.25,"size":3.5133151518769767,"type":"limit"}},{"opId":161,"ts":1751607720122,"op":"l","o":{"id":"MOCK-BID-HOOD-1-1751607720122","side":"buy","price":24.975,"size":1.5468817591118467,"type":"limit"}},{"opId":162,"ts":1751607720125,"op":"l","o":{"id":"MOCK-BID-HOOD-2-1751607720125","side":"buy","price":24.95,"size":3.3214533799977617,"type":"limit"}},{"opId":163,"ts":1751607720131,"op":"l","o":{"id":"MOCK-BID-HOOD-3-1751607720131","side":"buy","price":24.925,"size":1.1809909406463692,"type":"limit"}},{"opId":164,"ts":1751607720133,"op":"l","o":{"id":"MOCK-BID-HOOD-4-1751607720133","side":"buy","price":24.9,"size":0.49858253615409065,"type":"limit"}},{"opId":165,"ts":1751607720140,"op":"l","o":{"id":"MOCK-BID-HOOD-5-1751607720140","side":"buy","price":24.875,"size":1.8102613780310983,"type":"limit"}},{"opId":166,"ts":1751607720142,"op":"l","o":{"id":"MOCK-BID-HOOD-6-1751607720142","side":"buy","price":24.85,"size":4.45438967550948,"type":"limit"}},{"opId":167,"ts":1751607720147,"op":"l","o":{"id":"MOCK-BID-HOOD-7-1751607720147","side":"buy","price":24.825,"size":2.0109838658780554,"type":"limit"}},{"opId":168,"ts":1751607720149,"op":"l","o":{"id":"MOCK-BID-HOOD-8-1751607720149","side":"buy","price":24.8,"size":2.7821137742547672,"type":"limit"}},{"opId":169,"ts":1751607720150,"op":"l","o":{"id":"MOCK-BID-HOOD-9-1751607720150","side":"buy","price":24.775,"size":2.3469047353519366,"type":"limit"}},{"opId":170,"ts":1751607720152,"op":"l","o":{"id":"MOCK-BID-HOOD-10-1751607720152","side":"buy","price":24.75,"size":1.7535196801202968,"type":"limit"}},{"opId":171,"ts":1751607720155,"op":"l","o":{"id":"MOCK-ASK-HOOD-1-1751607720155","side":"sell","price":25.025,"size":4.685978271051239,"type":"limit"}},{"opId":172,"ts":1751607720158,"op":"l","o":{"id":"MOCK-ASK-HOOD-2-1751607720158","side":"sell","price":25.05,"size":2.2875320710058444,"type":"limit"}},{"opId":173,"ts":1751607720162,"op":"l","o":{"id":"MOCK-ASK-HOOD-3-1751607720162","side":"sell","price":25.075,"size":1.2531183910058552,"type":"limit"}},{"opId":174,"ts":1751607720164,"op":"l","o":{"id":"MOCK-ASK-HOOD-4-1751607720164","side":"sell","price":25.1,"size":1.1415503344270739,"type":"limit"}},{"opId":175,"ts":1751607720166,"op":"l","o":{"id":"MOCK-ASK-HOOD-5-1751607720166","side":"sell","price":25.125,"size":3.6649119151633323,"type":"limit"}},{"opId":176,"ts":1751607720167,"op":"l","o":{"id":"MOCK-ASK-HOOD-6-1751607720167","side":"sell","price":25.15,"size":5.081428675465363,"type":"limit"}},{"opId":177,"ts":1751607720169,"op":"l","o":{"id":"MOCK-ASK-HOOD-7-1751607720168","side":"sell","price":25.175,"size":1.4238930941063876,"type":"limit"}},{"opId":178,"ts":1751607720172,"op":"l","o":{"id":"MOCK-ASK-HOOD-8-1751607720172","side":"sell","price":25.2,"size":2.0579195067725107,"type":"limit"}},{"opId":179,"ts":1751607720176,"op":"l","o":{"id":"MOCK-ASK-HOOD-9-1751607720176","side":"sell","price":25.225,"size":3.5446457579533317,"type":"limit"}},{"opId":180,"ts":1751607720178,"op":"l","o":{"id":"MOCK-ASK-HOOD-10-1751607720178","side":"sell","price":25.25,"size":1.428082437652457,"type":"limit"}},{"opId":181,"ts":1751608274145,"op":"l","o":{"id":"MOCK-BID-HOOD-1-1751608274145","side":"buy","price":24.975,"size":1.7136057586698494,"type":"limit"}},{"opId":182,"ts":1751608274148,"op":"l","o":{"id":"MOCK-BID-HOOD-2-1751608274148","side":"buy","price":24.95,"size":0.7819324814727923,"type":"limit"}},{"opId":183,"ts":1751608274150,"op":"l","o":{"id":"MOCK-BID-HOOD-3-1751608274150","side":"buy","price":24.925,"size":3.5706108313380382,"type":"limit"}},{"opId":184,"ts":1751608274152,"op":"l","o":{"id":"MOCK-BID-HOOD-4-1751608274152","side":"buy","price":24.9,"size":5.0068089769666075,"type":"limit"}},{"opId":185,"ts":1751608274157,"op":"l","o":{"id":"MOCK-BID-HOOD-5-1751608274156","side":"buy","price":24.875,"size":3.757601442680224,"type":"limit"}},{"opId":186,"ts":1751608274161,"op":"l","o":{"id":"MOCK-BID-HOOD-6-1751608274161","side":"buy","price":24.85,"size":1.591367249163077,"type":"limit"}},{"opId":187,"ts":1751608274164,"op":"l","o":{"id":"MOCK-BID-HOOD-7-1751608274164","side":"buy","price":24.825,"size":1.1659049487385587,"type":"limit"}},{"opId":188,"ts":1751608274165,"op":"l","o":{"id":"MOCK-BID-HOOD-8-1751608274165","side":"buy","price":24.8,"size":1.4247759479829747,"type":"limit"}},{"opId":189,"ts":1751608274167,"op":"l","o":{"id":"MOCK-BID-HOOD-9-1751608274167","side":"buy","price":24.775,"size":2.7927763144513054,"type":"limit"}},{"opId":190,"ts":1751608274169,"op":"l","o":{"id":"MOCK-BID-HOOD-10-1751608274169","side":"buy","price":24.75,"size":0.6119650443959866,"type":"limit"}},{"opId":191,"ts":1751608274171,"op":"l","o":{"id":"MOCK-ASK-HOOD-1-1751608274171","side":"sell","price":25.025,"size":1.0575436332518062,"type":"limit"}},{"opId":192,"ts":1751608274174,"op":"l","o":{"id":"MOCK-ASK-HOOD-2-1751608274174","side":"sell","price":25.05,"size":0.8586109961952803,"type":"limit"}},{"opId":193,"ts":1751608274179,"op":"l","o":{"id":"MOCK-ASK-HOOD-3-1751608274179","side":"sell","price":25.075,"size":0.7363983249013505,"type":"limit"}},{"opId":194,"ts":1751608274182,"op":"l","o":{"id":"MOCK-ASK-HOOD-4-1751608274182","side":"sell","price":25.1,"size":3.1694053214886595,"type":"limit"}},{"opId":195,"ts":1751608274185,"op":"l","o":{"id":"MOCK-ASK-HOOD-5-1751608274185","side":"sell","price":25.125,"size":0.2232169475173639,"type":"limit"}},{"opId":196,"ts":1751608274188,"op":"l","o":{"id":"MOCK-ASK-HOOD-6-1751608274188","side":"sell","price":25.15,"size":4.472465174444765,"type":"limit"}},{"opId":197,"ts":1751608274190,"op":"l","o":{"id":"MOCK-ASK-HOOD-7-1751608274190","side":"sell","price":25.175,"size":4.183654304312569,"type":"limit"}},{"opId":198,"ts":1751608274195,"op":"l","o":{"id":"MOCK-ASK-HOOD-8-1751608274195","side":"sell","price":25.2,"size":2.635359000366484,"type":"limit"}},{"opId":199,"ts":1751608274198,"op":"l","o":{"id":"MOCK-ASK-HOOD-9-1751608274198","side":"sell","price":25.225,"size":0.34217507973076977,"type":"limit"}},{"opId":200,"ts":1751608274200,"op":"l","o":{"id":"MOCK-ASK-HOOD-10-1751608274200","side":"sell","price":25.25,"size":2.400739866671453,"type":"limit"}},{"opId":201,"ts":1751616148471,"op":"l","o":{"id":"MOCK-BID-HOOD-1-1751616148471","side":"buy","price":24.975,"size":0.7690176770177924,"type":"limit"}},{"opId":202,"ts":1751616148474,"op":"l","o":{"id":"MOCK-BID-HOOD-2-1751616148474","side":"buy","price":24.95,"size":3.1376926522013426,"type":"limit"}},{"opId":203,"ts":1751616148483,"op":"l","o":{"id":"MOCK-BID-HOOD-3-1751616148483","side":"buy","price":24.925,"size":0.504286788435485,"type":"limit"}},{"opId":204,"ts":1751616148488,"op":"l","o":{"id":"MOCK-BID-HOOD-4-1751616148488","side":"buy","price":24.9,"size":1.0862475034061403,"type":"limit"}},{"opId":205,"ts":1751616148500,"op":"l","o":{"id":"MOCK-BID-HOOD-5-1751616148500","side":"buy","price":24.875,"size":3.5213945499603097,"type":"limit"}},{"opId":206,"ts":1751616148505,"op":"l","o":{"id":"MOCK-BID-HOOD-6-1751616148505","side":"buy","price":24.85,"size":2.8982259217850745,"type":"limit"}},{"opId":207,"ts":1751616148514,"op":"l","o":{"id":"MOCK-BID-HOOD-7-1751616148514","side":"buy","price":24.825,"size":2.5838586879599803,"type":"limit"}},{"opId":208,"ts":1751616148520,"op":"l","o":{"id":"MOCK-BID-HOOD-8-1751616148520","side":"buy","price":24.8,"size":4.038149944395972,"type":"limit"}},{"opId":209,"ts":1751616148522,"op":"l","o":{"id":"MOCK-BID-HOOD-9-1751616148522","side":"buy","price":24.775,"size":1.02947697522492,"type":"limit"}},{"opId":210,"ts":1751616148529,"op":"l","o":{"id":"MOCK-BID-HOOD-10-1751616148528","side":"buy","price":24.75,"size":3.1254867598984934,"type":"limit"}},{"opId":211,"ts":1751616148534,"op":"l","o":{"id":"MOCK-ASK-HOOD-1-1751616148533","side":"sell","price":25.025,"size":1.1610327197542203,"type":"limit"}},{"opId":212,"ts":1751616148537,"op":"l","o":{"id":"MOCK-ASK-HOOD-2-1751616148537","side":"sell","price":25.05,"size":3.664092579322974,"type":"limit"}},{"opId":213,"ts":1751616148540,"op":"l","o":{"id":"MOCK-ASK-HOOD-3-1751616148540","side":"sell","price":25.075,"size":4.065481098570919,"type":"limit"}},{"opId":214,"ts":1751616148549,"op":"l","o":{"id":"MOCK-ASK-HOOD-4-1751616148549","side":"sell","price":25.1,"size":4.182052513143901,"type":"limit"}},{"opId":215,"ts":1751616148555,"op":"l","o":{"id":"MOCK-ASK-HOOD-5-1751616148555","side":"sell","price":25.125,"size":3.752722018422513,"type":"limit"}},{"opId":216,"ts":1751616148561,"op":"l","o":{"id":"MOCK-ASK-HOOD-6-1751616148560","side":"sell","price":25.15,"size":0.35160455819175696,"type":"limit"}},{"opId":217,"ts":1751616148567,"op":"l","o":{"id":"MOCK-ASK-HOOD-7-1751616148566","side":"sell","price":25.175,"size":0.9879402898589916,"type":"limit"}},{"opId":218,"ts":1751616148570,"op":"l","o":{"id":"MOCK-ASK-HOOD-8-1751616148570","side":"sell","price":25.2,"size":2.4905511851149984,"type":"limit"}},{"opId":219,"ts":1751616148584,"op":"l","o":{"id":"MOCK-ASK-HOOD-9-1751616148583","side":"sell","price":25.225,"size":2.237152092757062,"type":"limit"}},{"opId":220,"ts":1751616148587,"op":"l","o":{"id":"MOCK-ASK-HOOD-10-1751616148587","side":"sell","price":25.25,"size":3.037726679667149,"type":"limit"}}]