[{"opId":1,"ts":1751256930847,"op":"l","o":{"id":"MOCK-BID-HOOD-1-1751256930847","side":"buy","price":24.975,"size":0.25440764653726344,"type":"limit"}},{"opId":2,"ts":1751256930848,"op":"l","o":{"id":"MOCK-BID-HOOD-2-1751256930848","side":"buy","price":24.95,"size":3.9107629248499456,"type":"limit"}},{"opId":3,"ts":1751256930850,"op":"l","o":{"id":"MOCK-BID-HOOD-3-1751256930850","side":"buy","price":24.925,"size":0.6715315642826857,"type":"limit"}},{"opId":4,"ts":1751256930851,"op":"l","o":{"id":"MOCK-BID-HOOD-4-1751256930851","side":"buy","price":24.9,"size":4.265435459236661,"type":"limit"}},{"opId":5,"ts":1751256930853,"op":"l","o":{"id":"MOCK-BID-HOOD-5-1751256930853","side":"buy","price":24.875,"size":4.924341682323446,"type":"limit"}},{"opId":6,"ts":1751256930854,"op":"l","o":{"id":"MOCK-BID-HOOD-6-1751256930854","side":"buy","price":24.85,"size":1.9579414426207398,"type":"limit"}},{"opId":7,"ts":1751256930855,"op":"l","o":{"id":"MOCK-BID-HOOD-7-1751256930855","side":"buy","price":24.825,"size":0.9887472879847824,"type":"limit"}},{"opId":8,"ts":1751256930857,"op":"l","o":{"id":"MOCK-BID-HOOD-8-1751256930857","side":"buy","price":24.8,"size":3.2662999483341646,"type":"limit"}},{"opId":9,"ts":1751256930859,"op":"l","o":{"id":"MOCK-BID-HOOD-9-1751256930858","side":"buy","price":24.775,"size":4.383824760433243,"type":"limit"}},{"opId":10,"ts":1751256930860,"op":"l","o":{"id":"MOCK-BID-HOOD-10-1751256930860","side":"buy","price":24.75,"size":3.6914235158280406,"type":"limit"}},{"opId":11,"ts":1751256930862,"op":"l","o":{"id":"MOCK-ASK-HOOD-1-1751256930862","side":"sell","price":25.025,"size":1.7901118919295467,"type":"limit"}},{"opId":12,"ts":1751256930864,"op":"l","o":{"id":"MOCK-ASK-HOOD-2-1751256930864","side":"sell","price":25.05,"size":5.0622482794119605,"type":"limit"}},{"opId":13,"ts":1751256930865,"op":"l","o":{"id":"MOCK-ASK-HOOD-3-1751256930865","side":"sell","price":25.075,"size":1.5736109318182134,"type":"limit"}},{"opId":14,"ts":1751256930867,"op":"l","o":{"id":"MOCK-ASK-HOOD-4-1751256930867","side":"sell","price":25.1,"size":2.7348574168880826,"type":"limit"}},{"opId":15,"ts":1751256930869,"op":"l","o":{"id":"MOCK-ASK-HOOD-5-1751256930869","side":"sell","price":25.125,"size":4.205377867009261,"type":"limit"}},{"opId":16,"ts":1751256930871,"op":"l","o":{"id":"MOCK-ASK-HOOD-6-1751256930871","side":"sell","price":25.15,"size":2.96278830439704,"type":"limit"}},{"opId":17,"ts":1751256930872,"op":"l","o":{"id":"MOCK-ASK-HOOD-7-1751256930872","side":"sell","price":25.175,"size":0.5760988633036134,"type":"limit"}},{"opId":18,"ts":1751256930874,"op":"l","o":{"id":"MOCK-ASK-HOOD-8-1751256930874","side":"sell","price":25.2,"size":3.5257830064356663,"type":"limit"}},{"opId":19,"ts":1751256930876,"op":"l","o":{"id":"MOCK-ASK-HOOD-9-1751256930875","side":"sell","price":25.225,"size":0.9801815521184997,"type":"limit"}},{"opId":20,"ts":1751256930877,"op":"l","o":{"id":"MOCK-ASK-HOOD-10-1751256930877","side":"sell","price":25.25,"size":0.11131684259971455,"type":"limit"}},{"opId":21,"ts":1751350792124,"op":"l","o":{"id":"MOCK-BID-HOOD-1-1751350792124","side":"buy","price":24.975,"size":0.2513615605032814,"type":"limit"}},{"opId":22,"ts":1751350792125,"op":"l","o":{"id":"MOCK-BID-HOOD-2-1751350792125","side":"buy","price":24.95,"size":2.115758915734667,"type":"limit"}},{"opId":23,"ts":1751350792126,"op":"l","o":{"id":"MOCK-BID-HOOD-3-1751350792126","side":"buy","price":24.925,"size":0.8898117810970484,"type":"limit"}},{"opId":24,"ts":1751350792129,"op":"l","o":{"id":"MOCK-BID-HOOD-4-1751350792129","side":"buy","price":24.9,"size":1.9210810853059046,"type":"limit"}},{"opId":25,"ts":1751350792130,"op":"l","o":{"id":"MOCK-BID-HOOD-5-1751350792130","side":"buy","price":24.875,"size":4.771292664487126,"type":"limit"}},{"opId":26,"ts":1751350792131,"op":"l","o":{"id":"MOCK-BID-HOOD-6-1751350792131","side":"buy","price":24.85,"size":4.8704734051604675,"type":"limit"}},{"opId":27,"ts":1751350792132,"op":"l","o":{"id":"MOCK-BID-HOOD-7-1751350792132","side":"buy","price":24.825,"size":4.659799997097325,"type":"limit"}},{"opId":28,"ts":1751350792133,"op":"l","o":{"id":"MOCK-BID-HOOD-8-1751350792133","side":"buy","price":24.8,"size":4.354487614651782,"type":"limit"}},{"opId":29,"ts":1751350792134,"op":"l","o":{"id":"MOCK-BID-HOOD-9-1751350792134","side":"buy","price":24.775,"size":0.45914906010668377,"type":"limit"}},{"opId":30,"ts":1751350792136,"op":"l","o":{"id":"MOCK-BID-HOOD-10-1751350792136","side":"buy","price":24.75,"size":3.4960338829547557,"type":"limit"}},{"opId":31,"ts":1751350792137,"op":"l","o":{"id":"MOCK-ASK-HOOD-1-1751350792137","side":"sell","price":25.025,"size":4.262783871007665,"type":"limit"}},{"opId":32,"ts":1751350792141,"op":"l","o":{"id":"MOCK-ASK-HOOD-2-1751350792141","side":"sell","price":25.05,"size":1.6662045240127077,"type":"limit"}},{"opId":33,"ts":1751350792142,"op":"l","o":{"id":"MOCK-ASK-HOOD-3-1751350792142","side":"sell","price":25.075,"size":2.739767532721539,"type":"limit"}},{"opId":34,"ts":1751350792143,"op":"l","o":{"id":"MOCK-ASK-HOOD-4-1751350792143","side":"sell","price":25.1,"size":3.5698596008749117,"type":"limit"}},{"opId":35,"ts":1751350792146,"op":"l","o":{"id":"MOCK-ASK-HOOD-5-1751350792146","side":"sell","price":25.125,"size":2.283101385103934,"type":"limit"}},{"opId":36,"ts":1751350792147,"op":"l","o":{"id":"MOCK-ASK-HOOD-6-1751350792147","side":"sell","price":25.15,"size":2.8978261218388646,"type":"limit"}},{"opId":37,"ts":1751350792148,"op":"l","o":{"id":"MOCK-ASK-HOOD-7-1751350792148","side":"sell","price":25.175,"size":4.987756171458991,"type":"limit"}},{"opId":38,"ts":1751350792149,"op":"l","o":{"id":"MOCK-ASK-HOOD-8-1751350792149","side":"sell","price":25.2,"size":3.3294057685719114,"type":"limit"}},{"opId":39,"ts":1751350792150,"op":"l","o":{"id":"MOCK-ASK-HOOD-9-1751350792150","side":"sell","price":25.225,"size":4.4630370508949735,"type":"limit"}},{"opId":40,"ts":1751350792152,"op":"l","o":{"id":"MOCK-ASK-HOOD-10-1751350792152","side":"sell","price":25.25,"size":3.064149075494629,"type":"limit"}},{"opId":41,"ts":1751351925828,"op":"l","o":{"id":"MOCK-BID-HOOD-1-1751351925828","side":"buy","price":24.975,"size":1.8526280753090951,"type":"limit"}},{"opId":42,"ts":1751351925830,"op":"l","o":{"id":"MOCK-BID-HOOD-2-1751351925830","side":"buy","price":24.95,"size":4.262487829477365,"type":"limit"}},{"opId":43,"ts":1751351925831,"op":"l","o":{"id":"MOCK-BID-HOOD-3-1751351925831","side":"buy","price":24.925,"size":3.4044750373179222,"type":"limit"}},{"opId":44,"ts":1751351925833,"op":"l","o":{"id":"MOCK-BID-HOOD-4-1751351925833","side":"buy","price":24.9,"size":1.1723378015383246,"type":"limit"}},{"opId":45,"ts":1751351925835,"op":"l","o":{"id":"MOCK-BID-HOOD-5-1751351925835","side":"buy","price":24.875,"size":0.10394441162647752,"type":"limit"}},{"opId":46,"ts":1751351925839,"op":"l","o":{"id":"MOCK-BID-HOOD-6-1751351925839","side":"buy","price":24.85,"size":3.5235177040345356,"type":"limit"}},{"opId":47,"ts":1751351925840,"op":"l","o":{"id":"MOCK-BID-HOOD-7-1751351925840","side":"buy","price":24.825,"size":2.4953758689454286,"type":"limit"}},{"opId":48,"ts":1751351925841,"op":"l","o":{"id":"MOCK-BID-HOOD-8-1751351925841","side":"buy","price":24.8,"size":3.6181655776724586,"type":"limit"}},{"opId":49,"ts":1751351925842,"op":"l","o":{"id":"MOCK-BID-HOOD-9-1751351925842","side":"buy","price":24.775,"size":3.804636961128176,"type":"limit"}},{"opId":50,"ts":1751351925843,"op":"l","o":{"id":"MOCK-BID-HOOD-10-1751351925843","side":"buy","price":24.75,"size":2.5728300960101325,"type":"limit"}},{"opId":51,"ts":1751351925845,"op":"l","o":{"id":"MOCK-ASK-HOOD-1-1751351925844","side":"sell","price":25.025,"size":5.0949921586878055,"type":"limit"}},{"opId":52,"ts":1751351925846,"op":"l","o":{"id":"MOCK-ASK-HOOD-2-1751351925846","side":"sell","price":25.05,"size":4.902116427997049,"type":"limit"}},{"opId":53,"ts":1751351925848,"op":"l","o":{"id":"MOCK-ASK-HOOD-3-1751351925848","side":"sell","price":25.075,"size":0.9284557611720033,"type":"limit"}},{"opId":54,"ts":1751351925849,"op":"l","o":{"id":"MOCK-ASK-HOOD-4-1751351925849","side":"sell","price":25.1,"size":0.23437738952975953,"type":"limit"}},{"opId":55,"ts":1751351925851,"op":"l","o":{"id":"MOCK-ASK-HOOD-5-1751351925851","side":"sell","price":25.125,"size":1.8454030873226623,"type":"limit"}},{"opId":56,"ts":1751351925854,"op":"l","o":{"id":"MOCK-ASK-HOOD-6-1751351925853","side":"sell","price":25.15,"size":2.511678519041617,"type":"limit"}},{"opId":57,"ts":1751351925858,"op":"l","o":{"id":"MOCK-ASK-HOOD-7-1751351925858","side":"sell","price":25.175,"size":2.5431934188805494,"type":"limit"}},{"opId":58,"ts":1751351925860,"op":"l","o":{"id":"MOCK-ASK-HOOD-8-1751351925860","side":"sell","price":25.2,"size":0.10190319134872441,"type":"limit"}},{"opId":59,"ts":1751351925862,"op":"l","o":{"id":"MOCK-ASK-HOOD-9-1751351925862","side":"sell","price":25.225,"size":2.8565037835817852,"type":"limit"}},{"opId":60,"ts":1751351925864,"op":"l","o":{"id":"MOCK-ASK-HOOD-10-1751351925864","side":"sell","price":25.25,"size":4.11350215142407,"type":"limit"}},{"opId":61,"ts":1751352295915,"op":"l","o":{"id":"MOCK-BID-HOOD-1-1751352295915","side":"buy","price":24.975,"size":3.031419101071078,"type":"limit"}},{"opId":62,"ts":1751352295917,"op":"l","o":{"id":"MOCK-BID-HOOD-2-1751352295917","side":"buy","price":24.95,"size":2.637262486093436,"type":"limit"}},{"opId":63,"ts":1751352295920,"op":"l","o":{"id":"MOCK-BID-HOOD-3-1751352295919","side":"buy","price":24.925,"size":1.756131304825379,"type":"limit"}},{"opId":64,"ts":1751352295921,"op":"l","o":{"id":"MOCK-BID-HOOD-4-1751352295921","side":"buy","price":24.9,"size":3.098449980863879,"type":"limit"}},{"opId":65,"ts":1751352295922,"op":"l","o":{"id":"MOCK-BID-HOOD-5-1751352295922","side":"buy","price":24.875,"size":0.2512734846695107,"type":"limit"}},{"opId":66,"ts":1751352295924,"op":"l","o":{"id":"MOCK-BID-HOOD-6-1751352295924","side":"buy","price":24.85,"size":0.11348472792859768,"type":"limit"}},{"opId":67,"ts":1751352295926,"op":"l","o":{"id":"MOCK-BID-HOOD-7-1751352295926","side":"buy","price":24.825,"size":2.851201716773303,"type":"limit"}},{"opId":68,"ts":1751352295932,"op":"l","o":{"id":"MOCK-BID-HOOD-8-1751352295931","side":"buy","price":24.8,"size":1.3493429789455258,"type":"limit"}},{"opId":69,"ts":1751352295938,"op":"l","o":{"id":"MOCK-BID-HOOD-9-1751352295937","side":"buy","price":24.775,"size":3.0463393379588477,"type":"limit"}},{"opId":70,"ts":1751352295941,"op":"l","o":{"id":"MOCK-BID-HOOD-10-1751352295941","side":"buy","price":24.75,"size":3.960166325599055,"type":"limit"}},{"opId":71,"ts":1751352295943,"op":"l","o":{"id":"MOCK-ASK-HOOD-1-1751352295943","side":"sell","price":25.025,"size":4.035457230611524,"type":"limit"}},{"opId":72,"ts":1751352295945,"op":"l","o":{"id":"MOCK-ASK-HOOD-2-1751352295944","side":"sell","price":25.05,"size":2.1877524610271606,"type":"limit"}},{"opId":73,"ts":1751352295946,"op":"l","o":{"id":"MOCK-ASK-HOOD-3-1751352295946","side":"sell","price":25.075,"size":2.79765565525299,"type":"limit"}},{"opId":74,"ts":1751352295948,"op":"l","o":{"id":"MOCK-ASK-HOOD-4-1751352295948","side":"sell","price":25.1,"size":2.593357433293112,"type":"limit"}},{"opId":75,"ts":1751352295949,"op":"l","o":{"id":"MOCK-ASK-HOOD-5-1751352295949","side":"sell","price":25.125,"size":1.2198835374731498,"type":"limit"}},{"opId":76,"ts":1751352295952,"op":"l","o":{"id":"MOCK-ASK-HOOD-6-1751352295952","side":"sell","price":25.15,"size":0.4409351956628892,"type":"limit"}},{"opId":77,"ts":1751352295954,"op":"l","o":{"id":"MOCK-ASK-HOOD-7-1751352295954","side":"sell","price":25.175,"size":0.8120263863773324,"type":"limit"}},{"opId":78,"ts":1751352295955,"op":"l","o":{"id":"MOCK-ASK-HOOD-8-1751352295955","side":"sell","price":25.2,"size":0.6926836546171332,"type":"limit"}},{"opId":79,"ts":1751352295958,"op":"l","o":{"id":"MOCK-ASK-HOOD-9-1751352295957","side":"sell","price":25.225,"size":0.20827436963101623,"type":"limit"}},{"opId":80,"ts":1751352295961,"op":"l","o":{"id":"MOCK-ASK-HOOD-10-1751352295960","side":"sell","price":25.25,"size":3.8408278238266678,"type":"limit"}},{"opId":81,"ts":1751354317399,"op":"l","o":{"id":"MOCK-BID-HOOD-1-1751354317399","side":"buy","price":24.975,"size":4.077345022131771,"type":"limit"}},{"opId":82,"ts":1751354317406,"op":"l","o":{"id":"MOCK-BID-HOOD-2-1751354317405","side":"buy","price":24.95,"size":3.7360371593880424,"type":"limit"}},{"opId":83,"ts":1751354317409,"op":"l","o":{"id":"MOCK-BID-HOOD-3-1751354317409","side":"buy","price":24.925,"size":0.29486336142774505,"type":"limit"}},{"opId":84,"ts":1751354317411,"op":"l","o":{"id":"MOCK-BID-HOOD-4-1751354317411","side":"buy","price":24.9,"size":1.7431772148775881,"type":"limit"}},{"opId":85,"ts":1751354317414,"op":"l","o":{"id":"MOCK-BID-HOOD-5-1751354317414","side":"buy","price":24.875,"size":3.6897516693588495,"type":"limit"}},{"opId":86,"ts":1751354317419,"op":"l","o":{"id":"MOCK-BID-HOOD-6-1751354317419","side":"buy","price":24.85,"size":2.125028179095002,"type":"limit"}},{"opId":87,"ts":1751354317423,"op":"l","o":{"id":"MOCK-BID-HOOD-7-1751354317423","side":"buy","price":24.825,"size":0.24893045595738897,"type":"limit"}},{"opId":88,"ts":1751354317425,"op":"l","o":{"id":"MOCK-BID-HOOD-8-1751354317425","side":"buy","price":24.8,"size":1.2423876007374668,"type":"limit"}},{"opId":89,"ts":1751354317428,"op":"l","o":{"id":"MOCK-BID-HOOD-9-1751354317428","side":"buy","price":24.775,"size":0.3146006914086329,"type":"limit"}},{"opId":90,"ts":1751354317435,"op":"l","o":{"id":"MOCK-BID-HOOD-10-1751354317434","side":"buy","price":24.75,"size":3.4959559289923514,"type":"limit"}},{"opId":91,"ts":1751354317441,"op":"l","o":{"id":"MOCK-ASK-HOOD-1-1751354317441","side":"sell","price":25.025,"size":3.039977165416555,"type":"limit"}},{"opId":92,"ts":1751354317443,"op":"l","o":{"id":"MOCK-ASK-HOOD-2-1751354317443","side":"sell","price":25.05,"size":1.1138511860121025,"type":"limit"}},{"opId":93,"ts":1751354317446,"op":"l","o":{"id":"MOCK-ASK-HOOD-3-1751354317446","side":"sell","price":25.075,"size":4.327617078235688,"type":"limit"}},{"opId":94,"ts":1751354317452,"op":"l","o":{"id":"MOCK-ASK-HOOD-4-1751354317452","side":"sell","price":25.1,"size":4.887464212884527,"type":"limit"}},{"opId":95,"ts":1751354317456,"op":"l","o":{"id":"MOCK-ASK-HOOD-5-1751354317456","side":"sell","price":25.125,"size":2.283097756170681,"type":"limit"}},{"opId":96,"ts":1751354317458,"op":"l","o":{"id":"MOCK-ASK-HOOD-6-1751354317458","side":"sell","price":25.15,"size":3.671020467337205,"type":"limit"}},{"opId":97,"ts":1751354317461,"op":"l","o":{"id":"MOCK-ASK-HOOD-7-1751354317461","side":"sell","price":25.175,"size":0.4767679872764484,"type":"limit"}},{"opId":98,"ts":1751354317463,"op":"l","o":{"id":"MOCK-ASK-HOOD-8-1751354317463","side":"sell","price":25.2,"size":0.974532780969306,"type":"limit"}},{"opId":99,"ts":1751354317466,"op":"l","o":{"id":"MOCK-ASK-HOOD-9-1751354317466","side":"sell","price":25.225,"size":4.4674247713383535,"type":"limit"}},{"opId":100,"ts":1751354317469,"op":"l","o":{"id":"MOCK-ASK-HOOD-10-1751354317468","side":"sell","price":25.25,"size":1.6016011887533477,"type":"limit"}}]