[{"opId":1,"ts":1751256930731,"op":"l","o":{"id":"MOCK-BID-META-1-1751256930731","side":"buy","price":579.42,"size":0.6595937452035326,"type":"limit"}},{"opId":2,"ts":1751256930732,"op":"l","o":{"id":"MOCK-BID-META-2-1751256930731","side":"buy","price":578.84,"size":2.7630033172208246,"type":"limit"}},{"opId":3,"ts":1751256930733,"op":"l","o":{"id":"MOCK-BID-META-3-1751256930733","side":"buy","price":578.26,"size":4.947970262136835,"type":"limit"}},{"opId":4,"ts":1751256930734,"op":"l","o":{"id":"MOCK-BID-META-4-1751256930734","side":"buy","price":577.68,"size":3.253765092346644,"type":"limit"}},{"opId":5,"ts":1751256930735,"op":"l","o":{"id":"MOCK-BID-META-5-1751256930735","side":"buy","price":577.1,"size":1.242818564088557,"type":"limit"}},{"opId":6,"ts":1751256930736,"op":"l","o":{"id":"MOCK-BID-META-6-1751256930736","side":"buy","price":576.52,"size":2.4344885848652296,"type":"limit"}},{"opId":7,"ts":1751256930737,"op":"l","o":{"id":"MOCK-BID-META-7-1751256930737","side":"buy","price":575.94,"size":0.24682846726916888,"type":"limit"}},{"opId":8,"ts":1751256930738,"op":"l","o":{"id":"MOCK-BID-META-8-1751256930738","side":"buy","price":575.36,"size":2.3527158337918705,"type":"limit"}},{"opId":9,"ts":1751256930739,"op":"l","o":{"id":"MOCK-BID-META-9-1751256930739","side":"buy","price":574.78,"size":0.7329824513052628,"type":"limit"}},{"opId":10,"ts":1751256930741,"op":"l","o":{"id":"MOCK-BID-META-10-1751256930741","side":"buy","price":574.2,"size":1.8781561804157476,"type":"limit"}},{"opId":11,"ts":1751256930743,"op":"l","o":{"id":"MOCK-ASK-META-1-1751256930743","side":"sell","price":580.58,"size":5.074546148008729,"type":"limit"}},{"opId":12,"ts":1751256930744,"op":"l","o":{"id":"MOCK-ASK-META-2-1751256930744","side":"sell","price":581.16,"size":1.074223959146443,"type":"limit"}},{"opId":13,"ts":1751256930745,"op":"l","o":{"id":"MOCK-ASK-META-3-1751256930745","side":"sell","price":581.74,"size":0.865590016688844,"type":"limit"}},{"opId":14,"ts":1751256930747,"op":"l","o":{"id":"MOCK-ASK-META-4-1751256930746","side":"sell","price":582.32,"size":1.6198089811348992,"type":"limit"}},{"opId":15,"ts":1751256930748,"op":"l","o":{"id":"MOCK-ASK-META-5-1751256930748","side":"sell","price":582.9,"size":1.4743556587637452,"type":"limit"}},{"opId":16,"ts":1751256930749,"op":"l","o":{"id":"MOCK-ASK-META-6-1751256930749","side":"sell","price":583.48,"size":2.251690362144476,"type":"limit"}},{"opId":17,"ts":1751256930750,"op":"l","o":{"id":"MOCK-ASK-META-7-1751256930750","side":"sell","price":584.06,"size":4.041847611330027,"type":"limit"}},{"opId":18,"ts":1751256930752,"op":"l","o":{"id":"MOCK-ASK-META-8-1751256930752","side":"sell","price":584.64,"size":0.44309012444821205,"type":"limit"}},{"opId":19,"ts":1751256930753,"op":"l","o":{"id":"MOCK-ASK-META-9-1751256930753","side":"sell","price":585.22,"size":3.0965944615740635,"type":"limit"}},{"opId":20,"ts":1751256930755,"op":"l","o":{"id":"MOCK-ASK-META-10-1751256930755","side":"sell","price":585.8,"size":1.1228042226148938,"type":"limit"}},{"opId":21,"ts":1751350791974,"op":"l","o":{"id":"MOCK-BID-META-1-1751350791974","side":"buy","price":579.42,"size":3.036900113078145,"type":"limit"}},{"opId":22,"ts":1751350791978,"op":"l","o":{"id":"MOCK-BID-META-2-1751350791978","side":"buy","price":578.84,"size":3.234771623475474,"type":"limit"}},{"opId":23,"ts":1751350791981,"op":"l","o":{"id":"MOCK-BID-META-3-1751350791981","side":"buy","price":578.26,"size":0.6325687993443295,"type":"limit"}},{"opId":24,"ts":1751350791983,"op":"l","o":{"id":"MOCK-BID-META-4-1751350791983","side":"buy","price":577.68,"size":1.3464514469800948,"type":"limit"}},{"opId":25,"ts":1751350791987,"op":"l","o":{"id":"MOCK-BID-META-5-1751350791986","side":"buy","price":577.1,"size":3.362580343565278,"type":"limit"}},{"opId":26,"ts":1751350791988,"op":"l","o":{"id":"MOCK-BID-META-6-1751350791988","side":"buy","price":576.52,"size":1.1047582808685397,"type":"limit"}},{"opId":27,"ts":1751350791989,"op":"l","o":{"id":"MOCK-BID-META-7-1751350791989","side":"buy","price":575.94,"size":0.2738003562477297,"type":"limit"}},{"opId":28,"ts":1751350791990,"op":"l","o":{"id":"MOCK-BID-META-8-1751350791990","side":"buy","price":575.36,"size":3.445060089667218,"type":"limit"}},{"opId":29,"ts":1751350791991,"op":"l","o":{"id":"MOCK-BID-META-9-1751350791991","side":"buy","price":574.78,"size":0.8599231723947108,"type":"limit"}},{"opId":30,"ts":1751350791992,"op":"l","o":{"id":"MOCK-BID-META-10-1751350791992","side":"buy","price":574.2,"size":0.8697461051188847,"type":"limit"}},{"opId":31,"ts":1751350791994,"op":"l","o":{"id":"MOCK-ASK-META-1-1751350791994","side":"sell","price":580.58,"size":1.801005302804014,"type":"limit"}},{"opId":32,"ts":1751350791996,"op":"l","o":{"id":"MOCK-ASK-META-2-1751350791996","side":"sell","price":581.16,"size":3.6254334029642945,"type":"limit"}},{"opId":33,"ts":1751350791998,"op":"l","o":{"id":"MOCK-ASK-META-3-1751350791998","side":"sell","price":581.74,"size":0.3563446353486076,"type":"limit"}},{"opId":34,"ts":1751350791999,"op":"l","o":{"id":"MOCK-ASK-META-4-1751350791999","side":"sell","price":582.32,"size":0.35678319094893485,"type":"limit"}},{"opId":35,"ts":1751350792000,"op":"l","o":{"id":"MOCK-ASK-META-5-1751350792000","side":"sell","price":582.9,"size":1.1353989648268237,"type":"limit"}},{"opId":36,"ts":1751350792002,"op":"l","o":{"id":"MOCK-ASK-META-6-1751350792002","side":"sell","price":583.48,"size":2.1322682339963097,"type":"limit"}},{"opId":37,"ts":1751350792003,"op":"l","o":{"id":"MOCK-ASK-META-7-1751350792003","side":"sell","price":584.06,"size":3.2905627211841524,"type":"limit"}},{"opId":38,"ts":1751350792005,"op":"l","o":{"id":"MOCK-ASK-META-8-1751350792004","side":"sell","price":584.64,"size":1.1089993313822688,"type":"limit"}},{"opId":39,"ts":1751350792006,"op":"l","o":{"id":"MOCK-ASK-META-9-1751350792006","side":"sell","price":585.22,"size":2.702748921353577,"type":"limit"}},{"opId":40,"ts":1751350792008,"op":"l","o":{"id":"MOCK-ASK-META-10-1751350792008","side":"sell","price":585.8,"size":2.9118283886265863,"type":"limit"}},{"opId":41,"ts":1751351925677,"op":"l","o":{"id":"MOCK-BID-META-1-1751351925677","side":"buy","price":579.42,"size":2.387864063123646,"type":"limit"}},{"opId":42,"ts":1751351925678,"op":"l","o":{"id":"MOCK-BID-META-2-1751351925678","side":"buy","price":578.84,"size":3.7534850367340367,"type":"limit"}},{"opId":43,"ts":1751351925679,"op":"l","o":{"id":"MOCK-BID-META-3-1751351925679","side":"buy","price":578.26,"size":1.738554105968112,"type":"limit"}},{"opId":44,"ts":1751351925681,"op":"l","o":{"id":"MOCK-BID-META-4-1751351925681","side":"buy","price":577.68,"size":4.346481176243176,"type":"limit"}},{"opId":45,"ts":1751351925683,"op":"l","o":{"id":"MOCK-BID-META-5-1751351925683","side":"buy","price":577.1,"size":2.4180645614110707,"type":"limit"}},{"opId":46,"ts":1751351925689,"op":"l","o":{"id":"MOCK-BID-META-6-1751351925689","side":"buy","price":576.52,"size":4.753862271255877,"type":"limit"}},{"opId":47,"ts":1751351925690,"op":"l","o":{"id":"MOCK-BID-META-7-1751351925690","side":"buy","price":575.94,"size":3.4417696970103817,"type":"limit"}},{"opId":48,"ts":1751351925692,"op":"l","o":{"id":"MOCK-BID-META-8-1751351925692","side":"buy","price":575.36,"size":2.248067449790012,"type":"limit"}},{"opId":49,"ts":1751351925693,"op":"l","o":{"id":"MOCK-BID-META-9-1751351925693","side":"buy","price":574.78,"size":0.7500118403863042,"type":"limit"}},{"opId":50,"ts":1751351925694,"op":"l","o":{"id":"MOCK-BID-META-10-1751351925694","side":"buy","price":574.2,"size":3.282455260082622,"type":"limit"}},{"opId":51,"ts":1751351925695,"op":"l","o":{"id":"MOCK-ASK-META-1-1751351925695","side":"sell","price":580.58,"size":0.2566282187054546,"type":"limit"}},{"opId":52,"ts":1751351925697,"op":"l","o":{"id":"MOCK-ASK-META-2-1751351925697","side":"sell","price":581.16,"size":1.1757986406772536,"type":"limit"}},{"opId":53,"ts":1751351925698,"op":"l","o":{"id":"MOCK-ASK-META-3-1751351925698","side":"sell","price":581.74,"size":3.505711393125178,"type":"limit"}},{"opId":54,"ts":1751351925700,"op":"l","o":{"id":"MOCK-ASK-META-4-1751351925699","side":"sell","price":582.32,"size":1.4067387688716226,"type":"limit"}},{"opId":55,"ts":1751351925701,"op":"l","o":{"id":"MOCK-ASK-META-5-1751351925701","side":"sell","price":582.9,"size":2.786196801223917,"type":"limit"}},{"opId":56,"ts":1751351925706,"op":"l","o":{"id":"MOCK-ASK-META-6-1751351925705","side":"sell","price":583.48,"size":2.3962711728076203,"type":"limit"}},{"opId":57,"ts":1751351925707,"op":"l","o":{"id":"MOCK-ASK-META-7-1751351925707","side":"sell","price":584.06,"size":4.195373856177672,"type":"limit"}},{"opId":58,"ts":1751351925709,"op":"l","o":{"id":"MOCK-ASK-META-8-1751351925709","side":"sell","price":584.64,"size":3.1858297500666324,"type":"limit"}},{"opId":59,"ts":1751351925710,"op":"l","o":{"id":"MOCK-ASK-META-9-1751351925710","side":"sell","price":585.22,"size":2.8741025442892076,"type":"limit"}},{"opId":60,"ts":1751351925712,"op":"l","o":{"id":"MOCK-ASK-META-10-1751351925712","side":"sell","price":585.8,"size":4.593129826100306,"type":"limit"}},{"opId":61,"ts":1751352295699,"op":"l","o":{"id":"MOCK-BID-META-1-1751352295699","side":"buy","price":579.42,"size":0.9284872519976283,"type":"limit"}},{"opId":62,"ts":1751352295702,"op":"l","o":{"id":"MOCK-BID-META-2-1751352295702","side":"buy","price":578.84,"size":4.875567099882099,"type":"limit"}},{"opId":63,"ts":1751352295703,"op":"l","o":{"id":"MOCK-BID-META-3-1751352295703","side":"buy","price":578.26,"size":1.0266292713491487,"type":"limit"}},{"opId":64,"ts":1751352295705,"op":"l","o":{"id":"MOCK-BID-META-4-1751352295704","side":"buy","price":577.68,"size":3.9689345817451236,"type":"limit"}},{"opId":65,"ts":1751352295707,"op":"l","o":{"id":"MOCK-BID-META-5-1751352295707","side":"buy","price":577.1,"size":4.094110313001722,"type":"limit"}},{"opId":66,"ts":1751352295712,"op":"l","o":{"id":"MOCK-BID-META-6-1751352295712","side":"buy","price":576.52,"size":1.6726103515588986,"type":"limit"}},{"opId":67,"ts":1751352295715,"op":"l","o":{"id":"MOCK-BID-META-7-1751352295715","side":"buy","price":575.94,"size":1.2185894295228084,"type":"limit"}},{"opId":68,"ts":1751352295717,"op":"l","o":{"id":"MOCK-BID-META-8-1751352295717","side":"buy","price":575.36,"size":4.2962562480333215,"type":"limit"}},{"opId":69,"ts":1751352295718,"op":"l","o":{"id":"MOCK-BID-META-9-1751352295718","side":"buy","price":574.78,"size":3.636592336732748,"type":"limit"}},{"opId":70,"ts":1751352295720,"op":"l","o":{"id":"MOCK-BID-META-10-1751352295720","side":"buy","price":574.2,"size":3.5793685794198704,"type":"limit"}},{"opId":71,"ts":1751352295721,"op":"l","o":{"id":"MOCK-ASK-META-1-1751352295721","side":"sell","price":580.58,"size":2.1369115087317794,"type":"limit"}},{"opId":72,"ts":1751352295723,"op":"l","o":{"id":"MOCK-ASK-META-2-1751352295723","side":"sell","price":581.16,"size":1.9596175437505503,"type":"limit"}},{"opId":73,"ts":1751352295725,"op":"l","o":{"id":"MOCK-ASK-META-3-1751352295725","side":"sell","price":581.74,"size":1.347272511537233,"type":"limit"}},{"opId":74,"ts":1751352295730,"op":"l","o":{"id":"MOCK-ASK-META-4-1751352295729","side":"sell","price":582.32,"size":2.202503802888174,"type":"limit"}},{"opId":75,"ts":1751352295732,"op":"l","o":{"id":"MOCK-ASK-META-5-1751352295732","side":"sell","price":582.9,"size":4.9268518675022195,"type":"limit"}},{"opId":76,"ts":1751352295735,"op":"l","o":{"id":"MOCK-ASK-META-6-1751352295734","side":"sell","price":583.48,"size":4.949042531008218,"type":"limit"}},{"opId":77,"ts":1751352295736,"op":"l","o":{"id":"MOCK-ASK-META-7-1751352295736","side":"sell","price":584.06,"size":5.004159280559451,"type":"limit"}},{"opId":78,"ts":1751352295737,"op":"l","o":{"id":"MOCK-ASK-META-8-1751352295737","side":"sell","price":584.64,"size":1.2946447158052388,"type":"limit"}},{"opId":79,"ts":1751352295739,"op":"l","o":{"id":"MOCK-ASK-META-9-1751352295739","side":"sell","price":585.22,"size":2.716406240923368,"type":"limit"}},{"opId":80,"ts":1751352295741,"op":"l","o":{"id":"MOCK-ASK-META-10-1751352295741","side":"sell","price":585.8,"size":0.47285069884930075,"type":"limit"}},{"opId":81,"ts":1751354317138,"op":"l","o":{"id":"MOCK-BID-META-1-1751354317138","side":"buy","price":579.42,"size":4.252258503960548,"type":"limit"}},{"opId":82,"ts":1751354317141,"op":"l","o":{"id":"MOCK-BID-META-2-1751354317141","side":"buy","price":578.84,"size":3.800376483823935,"type":"limit"}},{"opId":83,"ts":1751354317143,"op":"l","o":{"id":"MOCK-BID-META-3-1751354317143","side":"buy","price":578.26,"size":4.2926036758067365,"type":"limit"}},{"opId":84,"ts":1751354317145,"op":"l","o":{"id":"MOCK-BID-META-4-1751354317145","side":"buy","price":577.68,"size":3.320379835099867,"type":"limit"}},{"opId":85,"ts":1751354317147,"op":"l","o":{"id":"MOCK-BID-META-5-1751354317147","side":"buy","price":577.1,"size":0.574373945061658,"type":"limit"}},{"opId":86,"ts":1751354317149,"op":"l","o":{"id":"MOCK-BID-META-6-1751354317149","side":"buy","price":576.52,"size":4.548993428105496,"type":"limit"}},{"opId":87,"ts":1751354317151,"op":"l","o":{"id":"MOCK-BID-META-7-1751354317151","side":"buy","price":575.94,"size":3.5703804789652893,"type":"limit"}},{"opId":88,"ts":1751354317153,"op":"l","o":{"id":"MOCK-BID-META-8-1751354317153","side":"buy","price":575.36,"size":3.8467318347092125,"type":"limit"}},{"opId":89,"ts":1751354317155,"op":"l","o":{"id":"MOCK-BID-META-9-1751354317154","side":"buy","price":574.78,"size":4.7407079041953235,"type":"limit"}},{"opId":90,"ts":1751354317157,"op":"l","o":{"id":"MOCK-BID-META-10-1751354317157","side":"buy","price":574.2,"size":3.043163972804986,"type":"limit"}},{"opId":91,"ts":1751354317160,"op":"l","o":{"id":"MOCK-ASK-META-1-1751354317160","side":"sell","price":580.58,"size":4.561684001963659,"type":"limit"}},{"opId":92,"ts":1751354317164,"op":"l","o":{"id":"MOCK-ASK-META-2-1751354317164","side":"sell","price":581.16,"size":2.978139544308601,"type":"limit"}},{"opId":93,"ts":1751354317166,"op":"l","o":{"id":"MOCK-ASK-META-3-1751354317166","side":"sell","price":581.74,"size":4.2735766141543,"type":"limit"}},{"opId":94,"ts":1751354317168,"op":"l","o":{"id":"MOCK-ASK-META-4-1751354317168","side":"sell","price":582.32,"size":3.0537265416777957,"type":"limit"}},{"opId":95,"ts":1751354317169,"op":"l","o":{"id":"MOCK-ASK-META-5-1751354317169","side":"sell","price":582.9,"size":4.077446875522993,"type":"limit"}},{"opId":96,"ts":1751354317171,"op":"l","o":{"id":"MOCK-ASK-META-6-1751354317171","side":"sell","price":583.48,"size":4.187273212742268,"type":"limit"}},{"opId":97,"ts":1751354317173,"op":"l","o":{"id":"MOCK-ASK-META-7-1751354317173","side":"sell","price":584.06,"size":4.550822456277333,"type":"limit"}},{"opId":98,"ts":1751354317175,"op":"l","o":{"id":"MOCK-ASK-META-8-1751354317175","side":"sell","price":584.64,"size":0.8500839716794039,"type":"limit"}},{"opId":99,"ts":1751354317177,"op":"l","o":{"id":"MOCK-ASK-META-9-1751354317177","side":"sell","price":585.22,"size":4.585026076764075,"type":"limit"}},{"opId":100,"ts":1751354317180,"op":"l","o":{"id":"MOCK-ASK-META-10-1751354317180","side":"sell","price":585.8,"size":0.33313747757143675,"type":"limit"}}]