[{"opId":1,"ts":1751256930731,"op":"l","o":{"id":"MOCK-BID-META-1-1751256930731","side":"buy","price":579.42,"size":0.6595937452035326,"type":"limit"}},{"opId":2,"ts":1751256930732,"op":"l","o":{"id":"MOCK-BID-META-2-1751256930731","side":"buy","price":578.84,"size":2.7630033172208246,"type":"limit"}},{"opId":3,"ts":1751256930733,"op":"l","o":{"id":"MOCK-BID-META-3-1751256930733","side":"buy","price":578.26,"size":4.947970262136835,"type":"limit"}},{"opId":4,"ts":1751256930734,"op":"l","o":{"id":"MOCK-BID-META-4-1751256930734","side":"buy","price":577.68,"size":3.253765092346644,"type":"limit"}},{"opId":5,"ts":1751256930735,"op":"l","o":{"id":"MOCK-BID-META-5-1751256930735","side":"buy","price":577.1,"size":1.242818564088557,"type":"limit"}},{"opId":6,"ts":1751256930736,"op":"l","o":{"id":"MOCK-BID-META-6-1751256930736","side":"buy","price":576.52,"size":2.4344885848652296,"type":"limit"}},{"opId":7,"ts":1751256930737,"op":"l","o":{"id":"MOCK-BID-META-7-1751256930737","side":"buy","price":575.94,"size":0.24682846726916888,"type":"limit"}},{"opId":8,"ts":1751256930738,"op":"l","o":{"id":"MOCK-BID-META-8-1751256930738","side":"buy","price":575.36,"size":2.3527158337918705,"type":"limit"}},{"opId":9,"ts":1751256930739,"op":"l","o":{"id":"MOCK-BID-META-9-1751256930739","side":"buy","price":574.78,"size":0.7329824513052628,"type":"limit"}},{"opId":10,"ts":1751256930741,"op":"l","o":{"id":"MOCK-BID-META-10-1751256930741","side":"buy","price":574.2,"size":1.8781561804157476,"type":"limit"}},{"opId":11,"ts":1751256930743,"op":"l","o":{"id":"MOCK-ASK-META-1-1751256930743","side":"sell","price":580.58,"size":5.074546148008729,"type":"limit"}},{"opId":12,"ts":1751256930744,"op":"l","o":{"id":"MOCK-ASK-META-2-1751256930744","side":"sell","price":581.16,"size":1.074223959146443,"type":"limit"}},{"opId":13,"ts":1751256930745,"op":"l","o":{"id":"MOCK-ASK-META-3-1751256930745","side":"sell","price":581.74,"size":0.865590016688844,"type":"limit"}},{"opId":14,"ts":1751256930747,"op":"l","o":{"id":"MOCK-ASK-META-4-1751256930746","side":"sell","price":582.32,"size":1.6198089811348992,"type":"limit"}},{"opId":15,"ts":1751256930748,"op":"l","o":{"id":"MOCK-ASK-META-5-1751256930748","side":"sell","price":582.9,"size":1.4743556587637452,"type":"limit"}},{"opId":16,"ts":1751256930749,"op":"l","o":{"id":"MOCK-ASK-META-6-1751256930749","side":"sell","price":583.48,"size":2.251690362144476,"type":"limit"}},{"opId":17,"ts":1751256930750,"op":"l","o":{"id":"MOCK-ASK-META-7-1751256930750","side":"sell","price":584.06,"size":4.041847611330027,"type":"limit"}},{"opId":18,"ts":1751256930752,"op":"l","o":{"id":"MOCK-ASK-META-8-1751256930752","side":"sell","price":584.64,"size":0.44309012444821205,"type":"limit"}},{"opId":19,"ts":1751256930753,"op":"l","o":{"id":"MOCK-ASK-META-9-1751256930753","side":"sell","price":585.22,"size":3.0965944615740635,"type":"limit"}},{"opId":20,"ts":1751256930755,"op":"l","o":{"id":"MOCK-ASK-META-10-1751256930755","side":"sell","price":585.8,"size":1.1228042226148938,"type":"limit"}},{"opId":21,"ts":1751350791974,"op":"l","o":{"id":"MOCK-BID-META-1-1751350791974","side":"buy","price":579.42,"size":3.036900113078145,"type":"limit"}},{"opId":22,"ts":1751350791978,"op":"l","o":{"id":"MOCK-BID-META-2-1751350791978","side":"buy","price":578.84,"size":3.234771623475474,"type":"limit"}},{"opId":23,"ts":1751350791981,"op":"l","o":{"id":"MOCK-BID-META-3-1751350791981","side":"buy","price":578.26,"size":0.6325687993443295,"type":"limit"}},{"opId":24,"ts":1751350791983,"op":"l","o":{"id":"MOCK-BID-META-4-1751350791983","side":"buy","price":577.68,"size":1.3464514469800948,"type":"limit"}},{"opId":25,"ts":1751350791987,"op":"l","o":{"id":"MOCK-BID-META-5-1751350791986","side":"buy","price":577.1,"size":3.362580343565278,"type":"limit"}},{"opId":26,"ts":1751350791988,"op":"l","o":{"id":"MOCK-BID-META-6-1751350791988","side":"buy","price":576.52,"size":1.1047582808685397,"type":"limit"}},{"opId":27,"ts":1751350791989,"op":"l","o":{"id":"MOCK-BID-META-7-1751350791989","side":"buy","price":575.94,"size":0.2738003562477297,"type":"limit"}},{"opId":28,"ts":1751350791990,"op":"l","o":{"id":"MOCK-BID-META-8-1751350791990","side":"buy","price":575.36,"size":3.445060089667218,"type":"limit"}},{"opId":29,"ts":1751350791991,"op":"l","o":{"id":"MOCK-BID-META-9-1751350791991","side":"buy","price":574.78,"size":0.8599231723947108,"type":"limit"}},{"opId":30,"ts":1751350791992,"op":"l","o":{"id":"MOCK-BID-META-10-1751350791992","side":"buy","price":574.2,"size":0.8697461051188847,"type":"limit"}},{"opId":31,"ts":1751350791994,"op":"l","o":{"id":"MOCK-ASK-META-1-1751350791994","side":"sell","price":580.58,"size":1.801005302804014,"type":"limit"}},{"opId":32,"ts":1751350791996,"op":"l","o":{"id":"MOCK-ASK-META-2-1751350791996","side":"sell","price":581.16,"size":3.6254334029642945,"type":"limit"}},{"opId":33,"ts":1751350791998,"op":"l","o":{"id":"MOCK-ASK-META-3-1751350791998","side":"sell","price":581.74,"size":0.3563446353486076,"type":"limit"}},{"opId":34,"ts":1751350791999,"op":"l","o":{"id":"MOCK-ASK-META-4-1751350791999","side":"sell","price":582.32,"size":0.35678319094893485,"type":"limit"}},{"opId":35,"ts":1751350792000,"op":"l","o":{"id":"MOCK-ASK-META-5-1751350792000","side":"sell","price":582.9,"size":1.1353989648268237,"type":"limit"}},{"opId":36,"ts":1751350792002,"op":"l","o":{"id":"MOCK-ASK-META-6-1751350792002","side":"sell","price":583.48,"size":2.1322682339963097,"type":"limit"}},{"opId":37,"ts":1751350792003,"op":"l","o":{"id":"MOCK-ASK-META-7-1751350792003","side":"sell","price":584.06,"size":3.2905627211841524,"type":"limit"}},{"opId":38,"ts":1751350792005,"op":"l","o":{"id":"MOCK-ASK-META-8-1751350792004","side":"sell","price":584.64,"size":1.1089993313822688,"type":"limit"}},{"opId":39,"ts":1751350792006,"op":"l","o":{"id":"MOCK-ASK-META-9-1751350792006","side":"sell","price":585.22,"size":2.702748921353577,"type":"limit"}},{"opId":40,"ts":1751350792008,"op":"l","o":{"id":"MOCK-ASK-META-10-1751350792008","side":"sell","price":585.8,"size":2.9118283886265863,"type":"limit"}},{"opId":41,"ts":1751351925677,"op":"l","o":{"id":"MOCK-BID-META-1-1751351925677","side":"buy","price":579.42,"size":2.387864063123646,"type":"limit"}},{"opId":42,"ts":1751351925678,"op":"l","o":{"id":"MOCK-BID-META-2-1751351925678","side":"buy","price":578.84,"size":3.7534850367340367,"type":"limit"}},{"opId":43,"ts":1751351925679,"op":"l","o":{"id":"MOCK-BID-META-3-1751351925679","side":"buy","price":578.26,"size":1.738554105968112,"type":"limit"}},{"opId":44,"ts":1751351925681,"op":"l","o":{"id":"MOCK-BID-META-4-1751351925681","side":"buy","price":577.68,"size":4.346481176243176,"type":"limit"}},{"opId":45,"ts":1751351925683,"op":"l","o":{"id":"MOCK-BID-META-5-1751351925683","side":"buy","price":577.1,"size":2.4180645614110707,"type":"limit"}},{"opId":46,"ts":1751351925689,"op":"l","o":{"id":"MOCK-BID-META-6-1751351925689","side":"buy","price":576.52,"size":4.753862271255877,"type":"limit"}},{"opId":47,"ts":1751351925690,"op":"l","o":{"id":"MOCK-BID-META-7-1751351925690","side":"buy","price":575.94,"size":3.4417696970103817,"type":"limit"}},{"opId":48,"ts":1751351925692,"op":"l","o":{"id":"MOCK-BID-META-8-1751351925692","side":"buy","price":575.36,"size":2.248067449790012,"type":"limit"}},{"opId":49,"ts":1751351925693,"op":"l","o":{"id":"MOCK-BID-META-9-1751351925693","side":"buy","price":574.78,"size":0.7500118403863042,"type":"limit"}},{"opId":50,"ts":1751351925694,"op":"l","o":{"id":"MOCK-BID-META-10-1751351925694","side":"buy","price":574.2,"size":3.282455260082622,"type":"limit"}},{"opId":51,"ts":1751351925695,"op":"l","o":{"id":"MOCK-ASK-META-1-1751351925695","side":"sell","price":580.58,"size":0.2566282187054546,"type":"limit"}},{"opId":52,"ts":1751351925697,"op":"l","o":{"id":"MOCK-ASK-META-2-1751351925697","side":"sell","price":581.16,"size":1.1757986406772536,"type":"limit"}},{"opId":53,"ts":1751351925698,"op":"l","o":{"id":"MOCK-ASK-META-3-1751351925698","side":"sell","price":581.74,"size":3.505711393125178,"type":"limit"}},{"opId":54,"ts":1751351925700,"op":"l","o":{"id":"MOCK-ASK-META-4-1751351925699","side":"sell","price":582.32,"size":1.4067387688716226,"type":"limit"}},{"opId":55,"ts":1751351925701,"op":"l","o":{"id":"MOCK-ASK-META-5-1751351925701","side":"sell","price":582.9,"size":2.786196801223917,"type":"limit"}},{"opId":56,"ts":1751351925706,"op":"l","o":{"id":"MOCK-ASK-META-6-1751351925705","side":"sell","price":583.48,"size":2.3962711728076203,"type":"limit"}},{"opId":57,"ts":1751351925707,"op":"l","o":{"id":"MOCK-ASK-META-7-1751351925707","side":"sell","price":584.06,"size":4.195373856177672,"type":"limit"}},{"opId":58,"ts":1751351925709,"op":"l","o":{"id":"MOCK-ASK-META-8-1751351925709","side":"sell","price":584.64,"size":3.1858297500666324,"type":"limit"}},{"opId":59,"ts":1751351925710,"op":"l","o":{"id":"MOCK-ASK-META-9-1751351925710","side":"sell","price":585.22,"size":2.8741025442892076,"type":"limit"}},{"opId":60,"ts":1751351925712,"op":"l","o":{"id":"MOCK-ASK-META-10-1751351925712","side":"sell","price":585.8,"size":4.593129826100306,"type":"limit"}},{"opId":61,"ts":1751352295699,"op":"l","o":{"id":"MOCK-BID-META-1-1751352295699","side":"buy","price":579.42,"size":0.9284872519976283,"type":"limit"}},{"opId":62,"ts":1751352295702,"op":"l","o":{"id":"MOCK-BID-META-2-1751352295702","side":"buy","price":578.84,"size":4.875567099882099,"type":"limit"}},{"opId":63,"ts":1751352295703,"op":"l","o":{"id":"MOCK-BID-META-3-1751352295703","side":"buy","price":578.26,"size":1.0266292713491487,"type":"limit"}},{"opId":64,"ts":1751352295705,"op":"l","o":{"id":"MOCK-BID-META-4-1751352295704","side":"buy","price":577.68,"size":3.9689345817451236,"type":"limit"}},{"opId":65,"ts":1751352295707,"op":"l","o":{"id":"MOCK-BID-META-5-1751352295707","side":"buy","price":577.1,"size":4.094110313001722,"type":"limit"}},{"opId":66,"ts":1751352295712,"op":"l","o":{"id":"MOCK-BID-META-6-1751352295712","side":"buy","price":576.52,"size":1.6726103515588986,"type":"limit"}},{"opId":67,"ts":1751352295715,"op":"l","o":{"id":"MOCK-BID-META-7-1751352295715","side":"buy","price":575.94,"size":1.2185894295228084,"type":"limit"}},{"opId":68,"ts":1751352295717,"op":"l","o":{"id":"MOCK-BID-META-8-1751352295717","side":"buy","price":575.36,"size":4.2962562480333215,"type":"limit"}},{"opId":69,"ts":1751352295718,"op":"l","o":{"id":"MOCK-BID-META-9-1751352295718","side":"buy","price":574.78,"size":3.636592336732748,"type":"limit"}},{"opId":70,"ts":1751352295720,"op":"l","o":{"id":"MOCK-BID-META-10-1751352295720","side":"buy","price":574.2,"size":3.5793685794198704,"type":"limit"}},{"opId":71,"ts":1751352295721,"op":"l","o":{"id":"MOCK-ASK-META-1-1751352295721","side":"sell","price":580.58,"size":2.1369115087317794,"type":"limit"}},{"opId":72,"ts":1751352295723,"op":"l","o":{"id":"MOCK-ASK-META-2-1751352295723","side":"sell","price":581.16,"size":1.9596175437505503,"type":"limit"}},{"opId":73,"ts":1751352295725,"op":"l","o":{"id":"MOCK-ASK-META-3-1751352295725","side":"sell","price":581.74,"size":1.347272511537233,"type":"limit"}},{"opId":74,"ts":1751352295730,"op":"l","o":{"id":"MOCK-ASK-META-4-1751352295729","side":"sell","price":582.32,"size":2.202503802888174,"type":"limit"}},{"opId":75,"ts":1751352295732,"op":"l","o":{"id":"MOCK-ASK-META-5-1751352295732","side":"sell","price":582.9,"size":4.9268518675022195,"type":"limit"}},{"opId":76,"ts":1751352295735,"op":"l","o":{"id":"MOCK-ASK-META-6-1751352295734","side":"sell","price":583.48,"size":4.949042531008218,"type":"limit"}},{"opId":77,"ts":1751352295736,"op":"l","o":{"id":"MOCK-ASK-META-7-1751352295736","side":"sell","price":584.06,"size":5.004159280559451,"type":"limit"}},{"opId":78,"ts":1751352295737,"op":"l","o":{"id":"MOCK-ASK-META-8-1751352295737","side":"sell","price":584.64,"size":1.2946447158052388,"type":"limit"}},{"opId":79,"ts":1751352295739,"op":"l","o":{"id":"MOCK-ASK-META-9-1751352295739","side":"sell","price":585.22,"size":2.716406240923368,"type":"limit"}},{"opId":80,"ts":1751352295741,"op":"l","o":{"id":"MOCK-ASK-META-10-1751352295741","side":"sell","price":585.8,"size":0.47285069884930075,"type":"limit"}},{"opId":81,"ts":1751354317138,"op":"l","o":{"id":"MOCK-BID-META-1-1751354317138","side":"buy","price":579.42,"size":4.252258503960548,"type":"limit"}},{"opId":82,"ts":1751354317141,"op":"l","o":{"id":"MOCK-BID-META-2-1751354317141","side":"buy","price":578.84,"size":3.800376483823935,"type":"limit"}},{"opId":83,"ts":1751354317143,"op":"l","o":{"id":"MOCK-BID-META-3-1751354317143","side":"buy","price":578.26,"size":4.2926036758067365,"type":"limit"}},{"opId":84,"ts":1751354317145,"op":"l","o":{"id":"MOCK-BID-META-4-1751354317145","side":"buy","price":577.68,"size":3.320379835099867,"type":"limit"}},{"opId":85,"ts":1751354317147,"op":"l","o":{"id":"MOCK-BID-META-5-1751354317147","side":"buy","price":577.1,"size":0.574373945061658,"type":"limit"}},{"opId":86,"ts":1751354317149,"op":"l","o":{"id":"MOCK-BID-META-6-1751354317149","side":"buy","price":576.52,"size":4.548993428105496,"type":"limit"}},{"opId":87,"ts":1751354317151,"op":"l","o":{"id":"MOCK-BID-META-7-1751354317151","side":"buy","price":575.94,"size":3.5703804789652893,"type":"limit"}},{"opId":88,"ts":1751354317153,"op":"l","o":{"id":"MOCK-BID-META-8-1751354317153","side":"buy","price":575.36,"size":3.8467318347092125,"type":"limit"}},{"opId":89,"ts":1751354317155,"op":"l","o":{"id":"MOCK-BID-META-9-1751354317154","side":"buy","price":574.78,"size":4.7407079041953235,"type":"limit"}},{"opId":90,"ts":1751354317157,"op":"l","o":{"id":"MOCK-BID-META-10-1751354317157","side":"buy","price":574.2,"size":3.043163972804986,"type":"limit"}},{"opId":91,"ts":1751354317160,"op":"l","o":{"id":"MOCK-ASK-META-1-1751354317160","side":"sell","price":580.58,"size":4.561684001963659,"type":"limit"}},{"opId":92,"ts":1751354317164,"op":"l","o":{"id":"MOCK-ASK-META-2-1751354317164","side":"sell","price":581.16,"size":2.978139544308601,"type":"limit"}},{"opId":93,"ts":1751354317166,"op":"l","o":{"id":"MOCK-ASK-META-3-1751354317166","side":"sell","price":581.74,"size":4.2735766141543,"type":"limit"}},{"opId":94,"ts":1751354317168,"op":"l","o":{"id":"MOCK-ASK-META-4-1751354317168","side":"sell","price":582.32,"size":3.0537265416777957,"type":"limit"}},{"opId":95,"ts":1751354317169,"op":"l","o":{"id":"MOCK-ASK-META-5-1751354317169","side":"sell","price":582.9,"size":4.077446875522993,"type":"limit"}},{"opId":96,"ts":1751354317171,"op":"l","o":{"id":"MOCK-ASK-META-6-1751354317171","side":"sell","price":583.48,"size":4.187273212742268,"type":"limit"}},{"opId":97,"ts":1751354317173,"op":"l","o":{"id":"MOCK-ASK-META-7-1751354317173","side":"sell","price":584.06,"size":4.550822456277333,"type":"limit"}},{"opId":98,"ts":1751354317175,"op":"l","o":{"id":"MOCK-ASK-META-8-1751354317175","side":"sell","price":584.64,"size":0.8500839716794039,"type":"limit"}},{"opId":99,"ts":1751354317177,"op":"l","o":{"id":"MOCK-ASK-META-9-1751354317177","side":"sell","price":585.22,"size":4.585026076764075,"type":"limit"}},{"opId":100,"ts":1751354317180,"op":"l","o":{"id":"MOCK-ASK-META-10-1751354317180","side":"sell","price":585.8,"size":0.33313747757143675,"type":"limit"}},{"opId":101,"ts":1751362208776,"op":"l","o":{"id":"MOCK-BID-META-1-1751362208776","side":"buy","price":579.42,"size":1.8628867503240387,"type":"limit"}},{"opId":102,"ts":1751362208778,"op":"l","o":{"id":"MOCK-BID-META-2-1751362208778","side":"buy","price":578.84,"size":2.1481922421729016,"type":"limit"}},{"opId":103,"ts":1751362208780,"op":"l","o":{"id":"MOCK-BID-META-3-1751362208780","side":"buy","price":578.26,"size":2.0698925835045987,"type":"limit"}},{"opId":104,"ts":1751362208782,"op":"l","o":{"id":"MOCK-BID-META-4-1751362208782","side":"buy","price":577.68,"size":1.7039367721060206,"type":"limit"}},{"opId":105,"ts":1751362208784,"op":"l","o":{"id":"MOCK-BID-META-5-1751362208784","side":"buy","price":577.1,"size":2.3192938797932237,"type":"limit"}},{"opId":106,"ts":1751362208786,"op":"l","o":{"id":"MOCK-BID-META-6-1751362208786","side":"buy","price":576.52,"size":4.912100431578171,"type":"limit"}},{"opId":107,"ts":1751362208788,"op":"l","o":{"id":"MOCK-BID-META-7-1751362208788","side":"buy","price":575.94,"size":3.712436799351091,"type":"limit"}},{"opId":108,"ts":1751362208789,"op":"l","o":{"id":"MOCK-BID-META-8-1751362208789","side":"buy","price":575.36,"size":3.7905061881573188,"type":"limit"}},{"opId":109,"ts":1751362208791,"op":"l","o":{"id":"MOCK-BID-META-9-1751362208791","side":"buy","price":574.78,"size":3.655591520953627,"type":"limit"}},{"opId":110,"ts":1751362208792,"op":"l","o":{"id":"MOCK-BID-META-10-1751362208792","side":"buy","price":574.2,"size":4.550852221615164,"type":"limit"}},{"opId":111,"ts":1751362208794,"op":"l","o":{"id":"MOCK-ASK-META-1-1751362208794","side":"sell","price":580.58,"size":0.6404098663941026,"type":"limit"}},{"opId":112,"ts":1751362208796,"op":"l","o":{"id":"MOCK-ASK-META-2-1751362208796","side":"sell","price":581.16,"size":2.8886125225625414,"type":"limit"}},{"opId":113,"ts":1751362208799,"op":"l","o":{"id":"MOCK-ASK-META-3-1751362208799","side":"sell","price":581.74,"size":3.262813904948952,"type":"limit"}},{"opId":114,"ts":1751362208802,"op":"l","o":{"id":"MOCK-ASK-META-4-1751362208801","side":"sell","price":582.32,"size":0.31362551918498116,"type":"limit"}},{"opId":115,"ts":1751362208810,"op":"l","o":{"id":"MOCK-ASK-META-5-1751362208810","side":"sell","price":582.9,"size":4.976766993395343,"type":"limit"}},{"opId":116,"ts":1751362208812,"op":"l","o":{"id":"MOCK-ASK-META-6-1751362208812","side":"sell","price":583.48,"size":1.481326145436862,"type":"limit"}},{"opId":117,"ts":1751362208827,"op":"l","o":{"id":"MOCK-ASK-META-7-1751362208827","side":"sell","price":584.06,"size":2.2921109017206587,"type":"limit"}},{"opId":118,"ts":1751362208829,"op":"l","o":{"id":"MOCK-ASK-META-8-1751362208829","side":"sell","price":584.64,"size":3.0121790165632043,"type":"limit"}},{"opId":119,"ts":1751362208831,"op":"l","o":{"id":"MOCK-ASK-META-9-1751362208831","side":"sell","price":585.22,"size":3.0994442982279624,"type":"limit"}},{"opId":120,"ts":1751362208838,"op":"l","o":{"id":"MOCK-ASK-META-10-1751362208838","side":"sell","price":585.8,"size":1.8798044338322484,"type":"limit"}},{"opId":121,"ts":1751362439782,"op":"l","o":{"id":"MOCK-BID-META-1-1751362439782","side":"buy","price":579.42,"size":2.781741810391877,"type":"limit"}},{"opId":122,"ts":1751362439786,"op":"l","o":{"id":"MOCK-BID-META-2-1751362439786","side":"buy","price":578.84,"size":1.7846307866208833,"type":"limit"}},{"opId":123,"ts":1751362439788,"op":"l","o":{"id":"MOCK-BID-META-3-1751362439788","side":"buy","price":578.26,"size":3.7086353096254654,"type":"limit"}},{"opId":124,"ts":1751362439791,"op":"l","o":{"id":"MOCK-BID-META-4-1751362439791","side":"buy","price":577.68,"size":0.702312647579547,"type":"limit"}},{"opId":125,"ts":1751362439796,"op":"l","o":{"id":"MOCK-BID-META-5-1751362439796","side":"buy","price":577.1,"size":1.3654441010047147,"type":"limit"}},{"opId":126,"ts":1751362439797,"op":"l","o":{"id":"MOCK-BID-META-6-1751362439797","side":"buy","price":576.52,"size":4.227016396535131,"type":"limit"}},{"opId":127,"ts":1751362439799,"op":"l","o":{"id":"MOCK-BID-META-7-1751362439799","side":"buy","price":575.94,"size":4.801614014916084,"type":"limit"}},{"opId":128,"ts":1751362439800,"op":"l","o":{"id":"MOCK-BID-META-8-1751362439800","side":"buy","price":575.36,"size":2.2840806588295615,"type":"limit"}},{"opId":129,"ts":1751362439801,"op":"l","o":{"id":"MOCK-BID-META-9-1751362439801","side":"buy","price":574.78,"size":1.310850855761787,"type":"limit"}},{"opId":130,"ts":1751362439802,"op":"l","o":{"id":"MOCK-BID-META-10-1751362439802","side":"buy","price":574.2,"size":1.9952996729766137,"type":"limit"}},{"opId":131,"ts":1751362439803,"op":"l","o":{"id":"MOCK-ASK-META-1-1751362439803","side":"sell","price":580.58,"size":5.003715047740605,"type":"limit"}},{"opId":132,"ts":1751362439805,"op":"l","o":{"id":"MOCK-ASK-META-2-1751362439805","side":"sell","price":581.16,"size":0.25434719153436747,"type":"limit"}},{"opId":133,"ts":1751362439808,"op":"l","o":{"id":"MOCK-ASK-META-3-1751362439808","side":"sell","price":581.74,"size":1.6260205856550403,"type":"limit"}},{"opId":134,"ts":1751362439810,"op":"l","o":{"id":"MOCK-ASK-META-4-1751362439810","side":"sell","price":582.32,"size":1.8395478879044835,"type":"limit"}},{"opId":135,"ts":1751362439811,"op":"l","o":{"id":"MOCK-ASK-META-5-1751362439811","side":"sell","price":582.9,"size":2.5641093078466306,"type":"limit"}},{"opId":136,"ts":1751362439812,"op":"l","o":{"id":"MOCK-ASK-META-6-1751362439812","side":"sell","price":583.48,"size":4.688358285451367,"type":"limit"}},{"opId":137,"ts":1751362439814,"op":"l","o":{"id":"MOCK-ASK-META-7-1751362439814","side":"sell","price":584.06,"size":0.9896873734926336,"type":"limit"}},{"opId":138,"ts":1751362439817,"op":"l","o":{"id":"MOCK-ASK-META-8-1751362439817","side":"sell","price":584.64,"size":2.8470286464490013,"type":"limit"}},{"opId":139,"ts":1751362439819,"op":"l","o":{"id":"MOCK-ASK-META-9-1751362439819","side":"sell","price":585.22,"size":1.1955653182377879,"type":"limit"}},{"opId":140,"ts":1751362439820,"op":"l","o":{"id":"MOCK-ASK-META-10-1751362439820","side":"sell","price":585.8,"size":2.418454240505419,"type":"limit"}},{"opId":141,"ts":1751362635974,"op":"l","o":{"id":"MOCK-BID-META-1-1751362635974","side":"buy","price":579.42,"size":4.918948365442566,"type":"limit"}},{"opId":142,"ts":1751362635975,"op":"l","o":{"id":"MOCK-BID-META-2-1751362635975","side":"buy","price":578.84,"size":1.6599767021747835,"type":"limit"}},{"opId":143,"ts":1751362635979,"op":"l","o":{"id":"MOCK-BID-META-3-1751362635979","side":"buy","price":578.26,"size":3.9746425486708667,"type":"limit"}},{"opId":144,"ts":1751362635984,"op":"l","o":{"id":"MOCK-BID-META-4-1751362635983","side":"buy","price":577.68,"size":1.974721549131896,"type":"limit"}},{"opId":145,"ts":1751362635985,"op":"l","o":{"id":"MOCK-BID-META-5-1751362635985","side":"buy","price":577.1,"size":2.604930556433597,"type":"limit"}},{"opId":146,"ts":1751362635987,"op":"l","o":{"id":"MOCK-BID-META-6-1751362635987","side":"buy","price":576.52,"size":1.8444703144204755,"type":"limit"}},{"opId":147,"ts":1751362635988,"op":"l","o":{"id":"MOCK-BID-META-7-1751362635988","side":"buy","price":575.94,"size":2.7636369932476,"type":"limit"}},{"opId":148,"ts":1751362635989,"op":"l","o":{"id":"MOCK-BID-META-8-1751362635989","side":"buy","price":575.36,"size":4.959824874175418,"type":"limit"}},{"opId":149,"ts":1751362635992,"op":"l","o":{"id":"MOCK-BID-META-9-1751362635992","side":"buy","price":574.78,"size":5.003315631080627,"type":"limit"}},{"opId":150,"ts":1751362635996,"op":"l","o":{"id":"MOCK-BID-META-10-1751362635996","side":"buy","price":574.2,"size":1.747667492527497,"type":"limit"}},{"opId":151,"ts":1751362635998,"op":"l","o":{"id":"MOCK-ASK-META-1-1751362635998","side":"sell","price":580.58,"size":1.294498879996684,"type":"limit"}},{"opId":152,"ts":1751362636000,"op":"l","o":{"id":"MOCK-ASK-META-2-1751362636000","side":"sell","price":581.16,"size":1.0655000830748695,"type":"limit"}},{"opId":153,"ts":1751362636002,"op":"l","o":{"id":"MOCK-ASK-META-3-1751362636002","side":"sell","price":581.74,"size":4.592444941468548,"type":"limit"}},{"opId":154,"ts":1751362636004,"op":"l","o":{"id":"MOCK-ASK-META-4-1751362636004","side":"sell","price":582.32,"size":4.07911257306258,"type":"limit"}},{"opId":155,"ts":1751362636007,"op":"l","o":{"id":"MOCK-ASK-META-5-1751362636007","side":"sell","price":582.9,"size":4.722272702556618,"type":"limit"}},{"opId":156,"ts":1751362636011,"op":"l","o":{"id":"MOCK-ASK-META-6-1751362636011","side":"sell","price":583.48,"size":4.6131526887491985,"type":"limit"}},{"opId":157,"ts":1751362636014,"op":"l","o":{"id":"MOCK-ASK-META-7-1751362636014","side":"sell","price":584.06,"size":0.183556808503501,"type":"limit"}},{"opId":158,"ts":1751362636016,"op":"l","o":{"id":"MOCK-ASK-META-8-1751362636016","side":"sell","price":584.64,"size":2.075460365513627,"type":"limit"}},{"opId":159,"ts":1751362636018,"op":"l","o":{"id":"MOCK-ASK-META-9-1751362636018","side":"sell","price":585.22,"size":3.745004546233893,"type":"limit"}},{"opId":160,"ts":1751362636020,"op":"l","o":{"id":"MOCK-ASK-META-10-1751362636020","side":"sell","price":585.8,"size":1.2544656116227437,"type":"limit"}},{"opId":161,"ts":1751607719867,"op":"l","o":{"id":"MOCK-BID-META-1-1751607719867","side":"buy","price":579.42,"size":3.8106493092847304,"type":"limit"}},{"opId":162,"ts":1751607719869,"op":"l","o":{"id":"MOCK-BID-META-2-1751607719869","side":"buy","price":578.84,"size":2.509737813554572,"type":"limit"}},{"opId":163,"ts":1751607719870,"op":"l","o":{"id":"MOCK-BID-META-3-1751607719870","side":"buy","price":578.26,"size":1.8191062089851096,"type":"limit"}},{"opId":164,"ts":1751607719872,"op":"l","o":{"id":"MOCK-BID-META-4-1751607719872","side":"buy","price":577.68,"size":1.1680830986145263,"type":"limit"}},{"opId":165,"ts":1751607719874,"op":"l","o":{"id":"MOCK-BID-META-5-1751607719874","side":"buy","price":577.1,"size":4.0600727809965615,"type":"limit"}},{"opId":166,"ts":1751607719877,"op":"l","o":{"id":"MOCK-BID-META-6-1751607719877","side":"buy","price":576.52,"size":0.5780822342290725,"type":"limit"}},{"opId":167,"ts":1751607719881,"op":"l","o":{"id":"MOCK-BID-META-7-1751607719881","side":"buy","price":575.94,"size":3.21494845379511,"type":"limit"}},{"opId":168,"ts":1751607719884,"op":"l","o":{"id":"MOCK-BID-META-8-1751607719884","side":"buy","price":575.36,"size":4.631623383542969,"type":"limit"}},{"opId":169,"ts":1751607719886,"op":"l","o":{"id":"MOCK-BID-META-9-1751607719886","side":"buy","price":574.78,"size":0.5492219548463438,"type":"limit"}},{"opId":170,"ts":1751607719889,"op":"l","o":{"id":"MOCK-BID-META-10-1751607719889","side":"buy","price":574.2,"size":0.8242458175484556,"type":"limit"}},{"opId":171,"ts":1751607719894,"op":"l","o":{"id":"MOCK-ASK-META-1-1751607719894","side":"sell","price":580.58,"size":1.260645506971263,"type":"limit"}},{"opId":172,"ts":1751607719898,"op":"l","o":{"id":"MOCK-ASK-META-2-1751607719898","side":"sell","price":581.16,"size":4.800233896427806,"type":"limit"}},{"opId":173,"ts":1751607719899,"op":"l","o":{"id":"MOCK-ASK-META-3-1751607719899","side":"sell","price":581.74,"size":4.529164028403045,"type":"limit"}},{"opId":174,"ts":1751607719901,"op":"l","o":{"id":"MOCK-ASK-META-4-1751607719901","side":"sell","price":582.32,"size":0.12747003697609163,"type":"limit"}},{"opId":175,"ts":1751607719903,"op":"l","o":{"id":"MOCK-ASK-META-5-1751607719903","side":"sell","price":582.9,"size":4.796966455827418,"type":"limit"}},{"opId":176,"ts":1751607719909,"op":"l","o":{"id":"MOCK-ASK-META-6-1751607719908","side":"sell","price":583.48,"size":2.7773282699299817,"type":"limit"}},{"opId":177,"ts":1751607719913,"op":"l","o":{"id":"MOCK-ASK-META-7-1751607719913","side":"sell","price":584.06,"size":4.748383009690896,"type":"limit"}},{"opId":178,"ts":1751607719915,"op":"l","o":{"id":"MOCK-ASK-META-8-1751607719915","side":"sell","price":584.64,"size":1.7369397732029246,"type":"limit"}},{"opId":179,"ts":1751607719917,"op":"l","o":{"id":"MOCK-ASK-META-9-1751607719917","side":"sell","price":585.22,"size":2.8606893782676477,"type":"limit"}},{"opId":180,"ts":1751607719919,"op":"l","o":{"id":"MOCK-ASK-META-10-1751607719919","side":"sell","price":585.8,"size":0.26061415588434544,"type":"limit"}},{"opId":181,"ts":1751608273885,"op":"l","o":{"id":"MOCK-BID-META-1-1751608273885","side":"buy","price":579.42,"size":3.761590838738574,"type":"limit"}},{"opId":182,"ts":1751608273887,"op":"l","o":{"id":"MOCK-BID-META-2-1751608273887","side":"buy","price":578.84,"size":1.2269467481124918,"type":"limit"}},{"opId":183,"ts":1751608273892,"op":"l","o":{"id":"MOCK-BID-META-3-1751608273892","side":"buy","price":578.26,"size":2.165133404598405,"type":"limit"}},{"opId":184,"ts":1751608273895,"op":"l","o":{"id":"MOCK-BID-META-4-1751608273895","side":"buy","price":577.68,"size":1.8895865712426962,"type":"limit"}},{"opId":185,"ts":1751608273898,"op":"l","o":{"id":"MOCK-BID-META-5-1751608273898","side":"buy","price":577.1,"size":1.5450934433385555,"type":"limit"}},{"opId":186,"ts":1751608273899,"op":"l","o":{"id":"MOCK-BID-META-6-1751608273899","side":"buy","price":576.52,"size":2.0869848897235155,"type":"limit"}},{"opId":187,"ts":1751608273901,"op":"l","o":{"id":"MOCK-BID-META-7-1751608273901","side":"buy","price":575.94,"size":0.6963165750922261,"type":"limit"}},{"opId":188,"ts":1751608273903,"op":"l","o":{"id":"MOCK-BID-META-8-1751608273903","side":"buy","price":575.36,"size":2.2219111038195574,"type":"limit"}},{"opId":189,"ts":1751608273905,"op":"l","o":{"id":"MOCK-BID-META-9-1751608273905","side":"buy","price":574.78,"size":3.0708396881233258,"type":"limit"}},{"opId":190,"ts":1751608273910,"op":"l","o":{"id":"MOCK-BID-META-10-1751608273910","side":"buy","price":574.2,"size":2.611285813931373,"type":"limit"}},{"opId":191,"ts":1751608273917,"op":"l","o":{"id":"MOCK-ASK-META-1-1751608273916","side":"sell","price":580.58,"size":2.850896560756304,"type":"limit"}},{"opId":192,"ts":1751608273919,"op":"l","o":{"id":"MOCK-ASK-META-2-1751608273919","side":"sell","price":581.16,"size":2.5861088092670204,"type":"limit"}},{"opId":193,"ts":1751608273922,"op":"l","o":{"id":"MOCK-ASK-META-3-1751608273922","side":"sell","price":581.74,"size":3.3451363413542357,"type":"limit"}},{"opId":194,"ts":1751608273928,"op":"l","o":{"id":"MOCK-ASK-META-4-1751608273928","side":"sell","price":582.32,"size":2.541574121886191,"type":"limit"}},{"opId":195,"ts":1751608273934,"op":"l","o":{"id":"MOCK-ASK-META-5-1751608273933","side":"sell","price":582.9,"size":3.172456881452257,"type":"limit"}},{"opId":196,"ts":1751608273936,"op":"l","o":{"id":"MOCK-ASK-META-6-1751608273936","side":"sell","price":583.48,"size":4.740557202126126,"type":"limit"}},{"opId":197,"ts":1751608273941,"op":"l","o":{"id":"MOCK-ASK-META-7-1751608273941","side":"sell","price":584.06,"size":0.48667046257536695,"type":"limit"}},{"opId":198,"ts":1751608273947,"op":"l","o":{"id":"MOCK-ASK-META-8-1751608273947","side":"sell","price":584.64,"size":0.8749783107388541,"type":"limit"}},{"opId":199,"ts":1751608273949,"op":"l","o":{"id":"MOCK-ASK-META-9-1751608273949","side":"sell","price":585.22,"size":2.9867779105749492,"type":"limit"}},{"opId":200,"ts":1751608273951,"op":"l","o":{"id":"MOCK-ASK-META-10-1751608273951","side":"sell","price":585.8,"size":4.4377717828119065,"type":"limit"}},{"opId":201,"ts":1751616147154,"op":"l","o":{"id":"MOCK-BID-META-1-1751616147154","side":"buy","price":579.42,"size":3.157666339513221,"type":"limit"}},{"opId":202,"ts":1751616147166,"op":"l","o":{"id":"MOCK-BID-META-2-1751616147166","side":"buy","price":578.84,"size":3.158574709935443,"type":"limit"}},{"opId":203,"ts":1751616147169,"op":"l","o":{"id":"MOCK-BID-META-3-1751616147169","side":"buy","price":578.26,"size":3.4474312244594074,"type":"limit"}},{"opId":204,"ts":1751616147171,"op":"l","o":{"id":"MOCK-BID-META-4-1751616147171","side":"buy","price":577.68,"size":4.054418295883527,"type":"limit"}},{"opId":205,"ts":1751616147176,"op":"l","o":{"id":"MOCK-BID-META-5-1751616147175","side":"buy","price":577.1,"size":2.706470520619192,"type":"limit"}},{"opId":206,"ts":1751616147182,"op":"l","o":{"id":"MOCK-BID-META-6-1751616147182","side":"buy","price":576.52,"size":2.241330322830364,"type":"limit"}},{"opId":207,"ts":1751616147185,"op":"l","o":{"id":"MOCK-BID-META-7-1751616147184","side":"buy","price":575.94,"size":1.82774892450294,"type":"limit"}},{"opId":208,"ts":1751616147187,"op":"l","o":{"id":"MOCK-BID-META-8-1751616147187","side":"buy","price":575.36,"size":2.4883630699123604,"type":"limit"}},{"opId":209,"ts":1751616147190,"op":"l","o":{"id":"MOCK-BID-META-9-1751616147190","side":"buy","price":574.78,"size":2.4159732406093637,"type":"limit"}},{"opId":210,"ts":1751616147195,"op":"l","o":{"id":"MOCK-BID-META-10-1751616147195","side":"buy","price":574.2,"size":3.378234403145002,"type":"limit"}},{"opId":211,"ts":1751616147201,"op":"l","o":{"id":"MOCK-ASK-META-1-1751616147201","side":"sell","price":580.58,"size":1.1216676560667793,"type":"limit"}},{"opId":212,"ts":1751616147204,"op":"l","o":{"id":"MOCK-ASK-META-2-1751616147204","side":"sell","price":581.16,"size":2.704212217874442,"type":"limit"}},{"opId":213,"ts":1751616147208,"op":"l","o":{"id":"MOCK-ASK-META-3-1751616147207","side":"sell","price":581.74,"size":2.0211797865118606,"type":"limit"}},{"opId":214,"ts":1751616147212,"op":"l","o":{"id":"MOCK-ASK-META-4-1751616147212","side":"sell","price":582.32,"size":1.4573149649009975,"type":"limit"}},{"opId":215,"ts":1751616147217,"op":"l","o":{"id":"MOCK-ASK-META-5-1751616147217","side":"sell","price":582.9,"size":2.7299122756339744,"type":"limit"}},{"opId":216,"ts":1751616147222,"op":"l","o":{"id":"MOCK-ASK-META-6-1751616147222","side":"sell","price":583.48,"size":1.3767115294097942,"type":"limit"}},{"opId":217,"ts":1751616147232,"op":"l","o":{"id":"MOCK-ASK-META-7-1751616147232","side":"sell","price":584.06,"size":4.878516412046079,"type":"limit"}},{"opId":218,"ts":1751616147236,"op":"l","o":{"id":"MOCK-ASK-META-8-1751616147236","side":"sell","price":584.64,"size":4.390612596917834,"type":"limit"}},{"opId":219,"ts":1751616147240,"op":"l","o":{"id":"MOCK-ASK-META-9-1751616147240","side":"sell","price":585.22,"size":2.9303627668278054,"type":"limit"}},{"opId":220,"ts":1751616147298,"op":"l","o":{"id":"MOCK-ASK-META-10-1751616147298","side":"sell","price":585.8,"size":1.9384224674763073,"type":"limit"}}]