[{"opId":1,"ts":1751256930702,"op":"l","o":{"id":"MOCK-BID-NVDA-1-1751256930702","side":"buy","price":139.86,"size":1.5548892596133579,"type":"limit"}},{"opId":2,"ts":1751256930703,"op":"l","o":{"id":"MOCK-BID-NVDA-2-1751256930703","side":"buy","price":139.72,"size":1.427862914477449,"type":"limit"}},{"opId":3,"ts":1751256930704,"op":"l","o":{"id":"MOCK-BID-NVDA-3-1751256930704","side":"buy","price":139.58,"size":4.526912616850124,"type":"limit"}},{"opId":4,"ts":1751256930705,"op":"l","o":{"id":"MOCK-BID-NVDA-4-1751256930705","side":"buy","price":139.44,"size":0.4461192197213836,"type":"limit"}},{"opId":5,"ts":1751256930707,"op":"l","o":{"id":"MOCK-BID-NVDA-5-1751256930706","side":"buy","price":139.3,"size":4.401613679114644,"type":"limit"}},{"opId":6,"ts":1751256930708,"op":"l","o":{"id":"MOCK-BID-NVDA-6-1751256930708","side":"buy","price":139.16,"size":2.4925046435927523,"type":"limit"}},{"opId":7,"ts":1751256930710,"op":"l","o":{"id":"MOCK-BID-NVDA-7-1751256930710","side":"buy","price":139.02,"size":0.8381340943866032,"type":"limit"}},{"opId":8,"ts":1751256930713,"op":"l","o":{"id":"MOCK-BID-NVDA-8-1751256930712","side":"buy","price":138.88,"size":4.033601730563814,"type":"limit"}},{"opId":9,"ts":1751256930715,"op":"l","o":{"id":"MOCK-BID-NVDA-9-1751256930714","side":"buy","price":138.74,"size":3.4960816800500703,"type":"limit"}},{"opId":10,"ts":1751256930716,"op":"l","o":{"id":"MOCK-BID-NVDA-10-1751256930716","side":"buy","price":138.6,"size":5.071141741760156,"type":"limit"}},{"opId":11,"ts":1751256930718,"op":"l","o":{"id":"MOCK-ASK-NVDA-1-1751256930718","side":"sell","price":140.14,"size":0.26127369167697523,"type":"limit"}},{"opId":12,"ts":1751256930719,"op":"l","o":{"id":"MOCK-ASK-NVDA-2-1751256930719","side":"sell","price":140.28,"size":4.0124657180708905,"type":"limit"}},{"opId":13,"ts":1751256930721,"op":"l","o":{"id":"MOCK-ASK-NVDA-3-1751256930721","side":"sell","price":140.42,"size":3.90129993588209,"type":"limit"}},{"opId":14,"ts":1751256930722,"op":"l","o":{"id":"MOCK-ASK-NVDA-4-1751256930722","side":"sell","price":140.56,"size":3.550000719919979,"type":"limit"}},{"opId":15,"ts":1751256930723,"op":"l","o":{"id":"MOCK-ASK-NVDA-5-1751256930723","side":"sell","price":140.7,"size":0.5470106327838352,"type":"limit"}},{"opId":16,"ts":1751256930724,"op":"l","o":{"id":"MOCK-ASK-NVDA-6-1751256930724","side":"sell","price":140.84,"size":2.5562101706628835,"type":"limit"}},{"opId":17,"ts":1751256930726,"op":"l","o":{"id":"MOCK-ASK-NVDA-7-1751256930726","side":"sell","price":140.98,"size":2.292614738325771,"type":"limit"}},{"opId":18,"ts":1751256930727,"op":"l","o":{"id":"MOCK-ASK-NVDA-8-1751256930727","side":"sell","price":141.12,"size":1.9381710807103947,"type":"limit"}},{"opId":19,"ts":1751256930728,"op":"l","o":{"id":"MOCK-ASK-NVDA-9-1751256930728","side":"sell","price":141.26,"size":0.8136255755174303,"type":"limit"}},{"opId":20,"ts":1751256930729,"op":"l","o":{"id":"MOCK-ASK-NVDA-10-1751256930729","side":"sell","price":141.4,"size":3.759013364846915,"type":"limit"}},{"opId":21,"ts":1751350791933,"op":"l","o":{"id":"MOCK-BID-NVDA-1-1751350791933","side":"buy","price":139.86,"size":1.447763578435688,"type":"limit"}},{"opId":22,"ts":1751350791938,"op":"l","o":{"id":"MOCK-BID-NVDA-2-1751350791938","side":"buy","price":139.72,"size":0.14632241292723216,"type":"limit"}},{"opId":23,"ts":1751350791939,"op":"l","o":{"id":"MOCK-BID-NVDA-3-1751350791939","side":"buy","price":139.58,"size":4.728707570109571,"type":"limit"}},{"opId":24,"ts":1751350791941,"op":"l","o":{"id":"MOCK-BID-NVDA-4-1751350791941","side":"buy","price":139.44,"size":4.612296341469268,"type":"limit"}},{"opId":25,"ts":1751350791942,"op":"l","o":{"id":"MOCK-BID-NVDA-5-1751350791942","side":"buy","price":139.3,"size":0.2265186385784245,"type":"limit"}},{"opId":26,"ts":1751350791943,"op":"l","o":{"id":"MOCK-BID-NVDA-6-1751350791943","side":"buy","price":139.16,"size":5.041490954922206,"type":"limit"}},{"opId":27,"ts":1751350791946,"op":"l","o":{"id":"MOCK-BID-NVDA-7-1751350791946","side":"buy","price":139.02,"size":4.000540016602741,"type":"limit"}},{"opId":28,"ts":1751350791948,"op":"l","o":{"id":"MOCK-BID-NVDA-8-1751350791948","side":"buy","price":138.88,"size":4.168732808569598,"type":"limit"}},{"opId":29,"ts":1751350791950,"op":"l","o":{"id":"MOCK-BID-NVDA-9-1751350791950","side":"buy","price":138.74,"size":0.4481006655293128,"type":"limit"}},{"opId":30,"ts":1751350791951,"op":"l","o":{"id":"MOCK-BID-NVDA-10-1751350791951","side":"buy","price":138.6,"size":3.3313115378384004,"type":"limit"}},{"opId":31,"ts":1751350791952,"op":"l","o":{"id":"MOCK-ASK-NVDA-1-1751350791952","side":"sell","price":140.14,"size":0.13713351970188406,"type":"limit"}},{"opId":32,"ts":1751350791954,"op":"l","o":{"id":"MOCK-ASK-NVDA-2-1751350791954","side":"sell","price":140.28,"size":2.543915516409616,"type":"limit"}},{"opId":33,"ts":1751350791955,"op":"l","o":{"id":"MOCK-ASK-NVDA-3-1751350791955","side":"sell","price":140.42,"size":2.117446820514073,"type":"limit"}},{"opId":34,"ts":1751350791960,"op":"l","o":{"id":"MOCK-ASK-NVDA-4-1751350791960","side":"sell","price":140.56,"size":1.0374977405606,"type":"limit"}},{"opId":35,"ts":1751350791962,"op":"l","o":{"id":"MOCK-ASK-NVDA-5-1751350791962","side":"sell","price":140.7,"size":1.7609597898627793,"type":"limit"}},{"opId":36,"ts":1751350791964,"op":"l","o":{"id":"MOCK-ASK-NVDA-6-1751350791964","side":"sell","price":140.84,"size":4.67754645652685,"type":"limit"}},{"opId":37,"ts":1751350791965,"op":"l","o":{"id":"MOCK-ASK-NVDA-7-1751350791965","side":"sell","price":140.98,"size":3.4580691104988825,"type":"limit"}},{"opId":38,"ts":1751350791966,"op":"l","o":{"id":"MOCK-ASK-NVDA-8-1751350791966","side":"sell","price":141.12,"size":3.12360824192058,"type":"limit"}},{"opId":39,"ts":1751350791967,"op":"l","o":{"id":"MOCK-ASK-NVDA-9-1751350791967","side":"sell","price":141.26,"size":2.315091735782467,"type":"limit"}},{"opId":40,"ts":1751350791969,"op":"l","o":{"id":"MOCK-ASK-NVDA-10-1751350791969","side":"sell","price":141.4,"size":0.8529925116548019,"type":"limit"}},{"opId":41,"ts":1751351925646,"op":"l","o":{"id":"MOCK-BID-NVDA-1-1751351925646","side":"buy","price":139.86,"size":3.840687121594264,"type":"limit"}},{"opId":42,"ts":1751351925648,"op":"l","o":{"id":"MOCK-BID-NVDA-2-1751351925648","side":"buy","price":139.72,"size":1.4521959552724184,"type":"limit"}},{"opId":43,"ts":1751351925651,"op":"l","o":{"id":"MOCK-BID-NVDA-3-1751351925651","side":"buy","price":139.58,"size":3.6798408416270267,"type":"limit"}},{"opId":44,"ts":1751351925652,"op":"l","o":{"id":"MOCK-BID-NVDA-4-1751351925652","side":"buy","price":139.44,"size":4.324400022578982,"type":"limit"}},{"opId":45,"ts":1751351925656,"op":"l","o":{"id":"MOCK-BID-NVDA-5-1751351925656","side":"buy","price":139.3,"size":3.480161379645691,"type":"limit"}},{"opId":46,"ts":1751351925657,"op":"l","o":{"id":"MOCK-BID-NVDA-6-1751351925657","side":"buy","price":139.16,"size":4.76881787944112,"type":"limit"}},{"opId":47,"ts":1751351925658,"op":"l","o":{"id":"MOCK-BID-NVDA-7-1751351925658","side":"buy","price":139.02,"size":0.15051925906943922,"type":"limit"}},{"opId":48,"ts":1751351925658,"op":"l","o":{"id":"MOCK-BID-NVDA-8-1751351925658","side":"buy","price":138.88,"size":1.3218551781770105,"type":"limit"}},{"opId":49,"ts":1751351925659,"op":"l","o":{"id":"MOCK-BID-NVDA-9-1751351925659","side":"buy","price":138.74,"size":4.8899425242938115,"type":"limit"}},{"opId":50,"ts":1751351925660,"op":"l","o":{"id":"MOCK-BID-NVDA-10-1751351925660","side":"buy","price":138.6,"size":1.1221903264432542,"type":"limit"}},{"opId":51,"ts":1751351925661,"op":"l","o":{"id":"MOCK-ASK-NVDA-1-1751351925661","side":"sell","price":140.14,"size":4.452614357360629,"type":"limit"}},{"opId":52,"ts":1751351925662,"op":"l","o":{"id":"MOCK-ASK-NVDA-2-1751351925661","side":"sell","price":140.28,"size":3.1446621436391378,"type":"limit"}},{"opId":53,"ts":1751351925663,"op":"l","o":{"id":"MOCK-ASK-NVDA-3-1751351925663","side":"sell","price":140.42,"size":4.632841251171405,"type":"limit"}},{"opId":54,"ts":1751351925664,"op":"l","o":{"id":"MOCK-ASK-NVDA-4-1751351925664","side":"sell","price":140.56,"size":1.5412952825411208,"type":"limit"}},{"opId":55,"ts":1751351925665,"op":"l","o":{"id":"MOCK-ASK-NVDA-5-1751351925665","side":"sell","price":140.7,"size":0.7288793727893993,"type":"limit"}},{"opId":56,"ts":1751351925667,"op":"l","o":{"id":"MOCK-ASK-NVDA-6-1751351925667","side":"sell","price":140.84,"size":1.2017610541667412,"type":"limit"}},{"opId":57,"ts":1751351925671,"op":"l","o":{"id":"MOCK-ASK-NVDA-7-1751351925671","side":"sell","price":140.98,"size":1.5557965538074003,"type":"limit"}},{"opId":58,"ts":1751351925672,"op":"l","o":{"id":"MOCK-ASK-NVDA-8-1751351925672","side":"sell","price":141.12,"size":4.63605091867524,"type":"limit"}},{"opId":59,"ts":1751351925673,"op":"l","o":{"id":"MOCK-ASK-NVDA-9-1751351925673","side":"sell","price":141.26,"size":2.854246703585773,"type":"limit"}},{"opId":60,"ts":1751351925674,"op":"l","o":{"id":"MOCK-ASK-NVDA-10-1751351925674","side":"sell","price":141.4,"size":0.3495422446772366,"type":"limit"}},{"opId":61,"ts":1751352295646,"op":"l","o":{"id":"MOCK-BID-NVDA-1-1751352295646","side":"buy","price":139.86,"size":0.8913335360826801,"type":"limit"}},{"opId":62,"ts":1751352295648,"op":"l","o":{"id":"MOCK-BID-NVDA-2-1751352295648","side":"buy","price":139.72,"size":4.591162032279633,"type":"limit"}},{"opId":63,"ts":1751352295650,"op":"l","o":{"id":"MOCK-BID-NVDA-3-1751352295650","side":"buy","price":139.58,"size":2.9591468163874226,"type":"limit"}},{"opId":64,"ts":1751352295656,"op":"l","o":{"id":"MOCK-BID-NVDA-4-1751352295656","side":"buy","price":139.44,"size":5.029106561022157,"type":"limit"}},{"opId":65,"ts":1751352295659,"op":"l","o":{"id":"MOCK-BID-NVDA-5-1751352295659","side":"buy","price":139.3,"size":4.308837582878216,"type":"limit"}},{"opId":66,"ts":1751352295661,"op":"l","o":{"id":"MOCK-BID-NVDA-6-1751352295661","side":"buy","price":139.16,"size":3.753711416274166,"type":"limit"}},{"opId":67,"ts":1751352295662,"op":"l","o":{"id":"MOCK-BID-NVDA-7-1751352295662","side":"buy","price":139.02,"size":2.25328217091412,"type":"limit"}},{"opId":68,"ts":1751352295664,"op":"l","o":{"id":"MOCK-BID-NVDA-8-1751352295664","side":"buy","price":138.88,"size":1.9612835052971633,"type":"limit"}},{"opId":69,"ts":1751352295666,"op":"l","o":{"id":"MOCK-BID-NVDA-9-1751352295665","side":"buy","price":138.74,"size":1.7039709036899997,"type":"limit"}},{"opId":70,"ts":1751352295667,"op":"l","o":{"id":"MOCK-BID-NVDA-10-1751352295667","side":"buy","price":138.6,"size":3.61327431715995,"type":"limit"}},{"opId":71,"ts":1751352295668,"op":"l","o":{"id":"MOCK-ASK-NVDA-1-1751352295668","side":"sell","price":140.14,"size":4.274329164153134,"type":"limit"}},{"opId":72,"ts":1751352295669,"op":"l","o":{"id":"MOCK-ASK-NVDA-2-1751352295669","side":"sell","price":140.28,"size":0.9253117187383019,"type":"limit"}},{"opId":73,"ts":1751352295671,"op":"l","o":{"id":"MOCK-ASK-NVDA-3-1751352295671","side":"sell","price":140.42,"size":4.396767795518877,"type":"limit"}},{"opId":74,"ts":1751352295673,"op":"l","o":{"id":"MOCK-ASK-NVDA-4-1751352295673","side":"sell","price":140.56,"size":0.7499575473615093,"type":"limit"}},{"opId":75,"ts":1751352295678,"op":"l","o":{"id":"MOCK-ASK-NVDA-5-1751352295678","side":"sell","price":140.7,"size":3.2143316016624723,"type":"limit"}},{"opId":76,"ts":1751352295681,"op":"l","o":{"id":"MOCK-ASK-NVDA-6-1751352295681","side":"sell","price":140.84,"size":1.6577375561676977,"type":"limit"}},{"opId":77,"ts":1751352295684,"op":"l","o":{"id":"MOCK-ASK-NVDA-7-1751352295684","side":"sell","price":140.98,"size":2.961181057048863,"type":"limit"}},{"opId":78,"ts":1751352295693,"op":"l","o":{"id":"MOCK-ASK-NVDA-8-1751352295693","side":"sell","price":141.12,"size":3.5698250426333478,"type":"limit"}},{"opId":79,"ts":1751352295694,"op":"l","o":{"id":"MOCK-ASK-NVDA-9-1751352295694","side":"sell","price":141.26,"size":0.46863278835930544,"type":"limit"}},{"opId":80,"ts":1751352295696,"op":"l","o":{"id":"MOCK-ASK-NVDA-10-1751352295695","side":"sell","price":141.4,"size":4.114547725556875,"type":"limit"}},{"opId":81,"ts":1751354317069,"op":"l","o":{"id":"MOCK-BID-NVDA-1-1751354317069","side":"buy","price":139.86,"size":1.0973071558956826,"type":"limit"}},{"opId":82,"ts":1751354317072,"op":"l","o":{"id":"MOCK-BID-NVDA-2-1751354317072","side":"buy","price":139.72,"size":0.7835860869328547,"type":"limit"}},{"opId":83,"ts":1751354317075,"op":"l","o":{"id":"MOCK-BID-NVDA-3-1751354317075","side":"buy","price":139.58,"size":2.3484418073037197,"type":"limit"}},{"opId":84,"ts":1751354317079,"op":"l","o":{"id":"MOCK-BID-NVDA-4-1751354317079","side":"buy","price":139.44,"size":1.908232100355144,"type":"limit"}},{"opId":85,"ts":1751354317082,"op":"l","o":{"id":"MOCK-BID-NVDA-5-1751354317081","side":"buy","price":139.3,"size":0.27166564066440235,"type":"limit"}},{"opId":86,"ts":1751354317084,"op":"l","o":{"id":"MOCK-BID-NVDA-6-1751354317084","side":"buy","price":139.16,"size":1.1213234277424278,"type":"limit"}},{"opId":87,"ts":1751354317086,"op":"l","o":{"id":"MOCK-BID-NVDA-7-1751354317086","side":"buy","price":139.02,"size":4.1905993756398505,"type":"limit"}},{"opId":88,"ts":1751354317089,"op":"l","o":{"id":"MOCK-BID-NVDA-8-1751354317089","side":"buy","price":138.88,"size":2.1946356980516843,"type":"limit"}},{"opId":89,"ts":1751354317091,"op":"l","o":{"id":"MOCK-BID-NVDA-9-1751354317091","side":"buy","price":138.74,"size":2.9979596337935144,"type":"limit"}},{"opId":90,"ts":1751354317095,"op":"l","o":{"id":"MOCK-BID-NVDA-10-1751354317095","side":"buy","price":138.6,"size":3.082081664010509,"type":"limit"}},{"opId":91,"ts":1751354317098,"op":"l","o":{"id":"MOCK-ASK-NVDA-1-1751354317097","side":"sell","price":140.14,"size":3.515553947404544,"type":"limit"}},{"opId":92,"ts":1751354317102,"op":"l","o":{"id":"MOCK-ASK-NVDA-2-1751354317102","side":"sell","price":140.28,"size":2.3870422977419268,"type":"limit"}},{"opId":93,"ts":1751354317106,"op":"l","o":{"id":"MOCK-ASK-NVDA-3-1751354317106","side":"sell","price":140.42,"size":3.2433740142560685,"type":"limit"}},{"opId":94,"ts":1751354317108,"op":"l","o":{"id":"MOCK-ASK-NVDA-4-1751354317108","side":"sell","price":140.56,"size":2.6658537976340058,"type":"limit"}},{"opId":95,"ts":1751354317110,"op":"l","o":{"id":"MOCK-ASK-NVDA-5-1751354317110","side":"sell","price":140.7,"size":3.1992571939848125,"type":"limit"}},{"opId":96,"ts":1751354317113,"op":"l","o":{"id":"MOCK-ASK-NVDA-6-1751354317113","side":"sell","price":140.84,"size":3.3488600808462734,"type":"limit"}},{"opId":97,"ts":1751354317116,"op":"l","o":{"id":"MOCK-ASK-NVDA-7-1751354317116","side":"sell","price":140.98,"size":0.4816206274498068,"type":"limit"}},{"opId":98,"ts":1751354317122,"op":"l","o":{"id":"MOCK-ASK-NVDA-8-1751354317122","side":"sell","price":141.12,"size":2.791257139850254,"type":"limit"}},{"opId":99,"ts":1751354317125,"op":"l","o":{"id":"MOCK-ASK-NVDA-9-1751354317125","side":"sell","price":141.26,"size":4.875806923336032,"type":"limit"}},{"opId":100,"ts":1751354317128,"op":"l","o":{"id":"MOCK-ASK-NVDA-10-1751354317128","side":"sell","price":141.4,"size":4.630841472344172,"type":"limit"}},{"opId":101,"ts":1751362208658,"op":"l","o":{"id":"MOCK-BID-NVDA-1-1751362208658","side":"buy","price":139.86,"size":2.014660554869899,"type":"limit"}},{"opId":102,"ts":1751362208660,"op":"l","o":{"id":"MOCK-BID-NVDA-2-1751362208660","side":"buy","price":139.72,"size":4.782646513105769,"type":"limit"}},{"opId":103,"ts":1751362208661,"op":"l","o":{"id":"MOCK-BID-NVDA-3-1751362208661","side":"buy","price":139.58,"size":0.21725041032267792,"type":"limit"}},{"opId":104,"ts":1751362208663,"op":"l","o":{"id":"MOCK-BID-NVDA-4-1751362208663","side":"buy","price":139.44,"size":2.8279802468266935,"type":"limit"}},{"opId":105,"ts":1751362208667,"op":"l","o":{"id":"MOCK-BID-NVDA-5-1751362208666","side":"buy","price":139.3,"size":1.002518414893847,"type":"limit"}},{"opId":106,"ts":1751362208670,"op":"l","o":{"id":"MOCK-BID-NVDA-6-1751362208670","side":"buy","price":139.16,"size":4.262488841753444,"type":"limit"}},{"opId":107,"ts":1751362208672,"op":"l","o":{"id":"MOCK-BID-NVDA-7-1751362208672","side":"buy","price":139.02,"size":4.528621590098139,"type":"limit"}},{"opId":108,"ts":1751362208675,"op":"l","o":{"id":"MOCK-BID-NVDA-8-1751362208675","side":"buy","price":138.88,"size":2.393156540913576,"type":"limit"}},{"opId":109,"ts":1751362208679,"op":"l","o":{"id":"MOCK-BID-NVDA-9-1751362208679","side":"buy","price":138.74,"size":4.18520301412471,"type":"limit"}},{"opId":110,"ts":1751362208682,"op":"l","o":{"id":"MOCK-BID-NVDA-10-1751362208682","side":"buy","price":138.6,"size":3.5260559019340287,"type":"limit"}},{"opId":111,"ts":1751362208695,"op":"l","o":{"id":"MOCK-ASK-NVDA-1-1751362208695","side":"sell","price":140.14,"size":5.074431695741733,"type":"limit"}},{"opId":112,"ts":1751362208699,"op":"l","o":{"id":"MOCK-ASK-NVDA-2-1751362208698","side":"sell","price":140.28,"size":1.3907696231505395,"type":"limit"}},{"opId":113,"ts":1751362208701,"op":"l","o":{"id":"MOCK-ASK-NVDA-3-1751362208701","side":"sell","price":140.42,"size":0.504439363809963,"type":"limit"}},{"opId":114,"ts":1751362208705,"op":"l","o":{"id":"MOCK-ASK-NVDA-4-1751362208705","side":"sell","price":140.56,"size":0.8839134300747774,"type":"limit"}},{"opId":115,"ts":1751362208716,"op":"l","o":{"id":"MOCK-ASK-NVDA-5-1751362208714","side":"sell","price":140.7,"size":3.441866488457468,"type":"limit"}},{"opId":116,"ts":1751362208727,"op":"l","o":{"id":"MOCK-ASK-NVDA-6-1751362208726","side":"sell","price":140.84,"size":0.4922239485552581,"type":"limit"}},{"opId":117,"ts":1751362208731,"op":"l","o":{"id":"MOCK-ASK-NVDA-7-1751362208731","side":"sell","price":140.98,"size":2.6531710631073415,"type":"limit"}},{"opId":118,"ts":1751362208739,"op":"l","o":{"id":"MOCK-ASK-NVDA-8-1751362208739","side":"sell","price":141.12,"size":2.286784132744031,"type":"limit"}},{"opId":119,"ts":1751362208742,"op":"l","o":{"id":"MOCK-ASK-NVDA-9-1751362208742","side":"sell","price":141.26,"size":0.5821455243071015,"type":"limit"}},{"opId":120,"ts":1751362208771,"op":"l","o":{"id":"MOCK-ASK-NVDA-10-1751362208771","side":"sell","price":141.4,"size":2.268459949018793,"type":"limit"}},{"opId":121,"ts":1751362439741,"op":"l","o":{"id":"MOCK-BID-NVDA-1-1751362439741","side":"buy","price":139.86,"size":3.20253141643829,"type":"limit"}},{"opId":122,"ts":1751362439743,"op":"l","o":{"id":"MOCK-BID-NVDA-2-1751362439743","side":"buy","price":139.72,"size":0.2792316372766478,"type":"limit"}},{"opId":123,"ts":1751362439744,"op":"l","o":{"id":"MOCK-BID-NVDA-3-1751362439744","side":"buy","price":139.58,"size":4.813742971980156,"type":"limit"}},{"opId":124,"ts":1751362439747,"op":"l","o":{"id":"MOCK-BID-NVDA-4-1751362439747","side":"buy","price":139.44,"size":3.3570435821983025,"type":"limit"}},{"opId":125,"ts":1751362439750,"op":"l","o":{"id":"MOCK-BID-NVDA-5-1751362439750","side":"buy","price":139.3,"size":0.9062675567863453,"type":"limit"}},{"opId":126,"ts":1751362439751,"op":"l","o":{"id":"MOCK-BID-NVDA-6-1751362439751","side":"buy","price":139.16,"size":2.607786191737067,"type":"limit"}},{"opId":127,"ts":1751362439752,"op":"l","o":{"id":"MOCK-BID-NVDA-7-1751362439752","side":"buy","price":139.02,"size":1.5319413165600126,"type":"limit"}},{"opId":128,"ts":1751362439753,"op":"l","o":{"id":"MOCK-BID-NVDA-8-1751362439753","side":"buy","price":138.88,"size":2.590559645689964,"type":"limit"}},{"opId":129,"ts":1751362439756,"op":"l","o":{"id":"MOCK-BID-NVDA-9-1751362439756","side":"buy","price":138.74,"size":5.0727036122834885,"type":"limit"}},{"opId":130,"ts":1751362439759,"op":"l","o":{"id":"MOCK-BID-NVDA-10-1751362439759","side":"buy","price":138.6,"size":0.16296284538325426,"type":"limit"}},{"opId":131,"ts":1751362439763,"op":"l","o":{"id":"MOCK-ASK-NVDA-1-1751362439763","side":"sell","price":140.14,"size":4.2729886272077096,"type":"limit"}},{"opId":132,"ts":1751362439765,"op":"l","o":{"id":"MOCK-ASK-NVDA-2-1751362439764","side":"sell","price":140.28,"size":3.7167040088708436,"type":"limit"}},{"opId":133,"ts":1751362439766,"op":"l","o":{"id":"MOCK-ASK-NVDA-3-1751362439766","side":"sell","price":140.42,"size":1.4052589779597213,"type":"limit"}},{"opId":134,"ts":1751362439767,"op":"l","o":{"id":"MOCK-ASK-NVDA-4-1751362439767","side":"sell","price":140.56,"size":2.841959969530452,"type":"limit"}},{"opId":135,"ts":1751362439768,"op":"l","o":{"id":"MOCK-ASK-NVDA-5-1751362439768","side":"sell","price":140.7,"size":2.5916682791585974,"type":"limit"}},{"opId":136,"ts":1751362439769,"op":"l","o":{"id":"MOCK-ASK-NVDA-6-1751362439769","side":"sell","price":140.84,"size":3.4368750502341574,"type":"limit"}},{"opId":137,"ts":1751362439771,"op":"l","o":{"id":"MOCK-ASK-NVDA-7-1751362439771","side":"sell","price":140.98,"size":3.9984108409473875,"type":"limit"}},{"opId":138,"ts":1751362439774,"op":"l","o":{"id":"MOCK-ASK-NVDA-8-1751362439774","side":"sell","price":141.12,"size":2.4673201083562444,"type":"limit"}},{"opId":139,"ts":1751362439776,"op":"l","o":{"id":"MOCK-ASK-NVDA-9-1751362439776","side":"sell","price":141.26,"size":0.29764167419822896,"type":"limit"}},{"opId":140,"ts":1751362439777,"op":"l","o":{"id":"MOCK-ASK-NVDA-10-1751362439777","side":"sell","price":141.4,"size":3.4277188830412775,"type":"limit"}},{"opId":141,"ts":1751362635935,"op":"l","o":{"id":"MOCK-BID-NVDA-1-1751362635935","side":"buy","price":139.86,"size":2.359033484759423,"type":"limit"}},{"opId":142,"ts":1751362635937,"op":"l","o":{"id":"MOCK-BID-NVDA-2-1751362635937","side":"buy","price":139.72,"size":2.2622511758870165,"type":"limit"}},{"opId":143,"ts":1751362635938,"op":"l","o":{"id":"MOCK-BID-NVDA-3-1751362635938","side":"buy","price":139.58,"size":1.7989644148288197,"type":"limit"}},{"opId":144,"ts":1751362635939,"op":"l","o":{"id":"MOCK-BID-NVDA-4-1751362635939","side":"buy","price":139.44,"size":0.7512421954385972,"type":"limit"}},{"opId":145,"ts":1751362635940,"op":"l","o":{"id":"MOCK-BID-NVDA-5-1751362635940","side":"buy","price":139.3,"size":3.3287197254856484,"type":"limit"}},{"opId":146,"ts":1751362635942,"op":"l","o":{"id":"MOCK-BID-NVDA-6-1751362635941","side":"buy","price":139.16,"size":1.2554621141119549,"type":"limit"}},{"opId":147,"ts":1751362635944,"op":"l","o":{"id":"MOCK-BID-NVDA-7-1751362635944","side":"buy","price":139.02,"size":1.3628578366951027,"type":"limit"}},{"opId":148,"ts":1751362635946,"op":"l","o":{"id":"MOCK-BID-NVDA-8-1751362635946","side":"buy","price":138.88,"size":3.8246935190720124,"type":"limit"}},{"opId":149,"ts":1751362635947,"op":"l","o":{"id":"MOCK-BID-NVDA-9-1751362635947","side":"buy","price":138.74,"size":2.2347471581645197,"type":"limit"}},{"opId":150,"ts":1751362635949,"op":"l","o":{"id":"MOCK-BID-NVDA-10-1751362635949","side":"buy","price":138.6,"size":2.2058699836527382,"type":"limit"}},{"opId":151,"ts":1751362635951,"op":"l","o":{"id":"MOCK-ASK-NVDA-1-1751362635951","side":"sell","price":140.14,"size":4.615221644427759,"type":"limit"}},{"opId":152,"ts":1751362635955,"op":"l","o":{"id":"MOCK-ASK-NVDA-2-1751362635955","side":"sell","price":140.28,"size":4.3057039487792785,"type":"limit"}},{"opId":153,"ts":1751362635956,"op":"l","o":{"id":"MOCK-ASK-NVDA-3-1751362635956","side":"sell","price":140.42,"size":2.8836625254617787,"type":"limit"}},{"opId":154,"ts":1751362635957,"op":"l","o":{"id":"MOCK-ASK-NVDA-4-1751362635957","side":"sell","price":140.56,"size":2.798039309912752,"type":"limit"}},{"opId":155,"ts":1751362635959,"op":"l","o":{"id":"MOCK-ASK-NVDA-5-1751362635959","side":"sell","price":140.7,"size":2.9393385325988697,"type":"limit"}},{"opId":156,"ts":1751362635962,"op":"l","o":{"id":"MOCK-ASK-NVDA-6-1751362635962","side":"sell","price":140.84,"size":3.8239370630966687,"type":"limit"}},{"opId":157,"ts":1751362635963,"op":"l","o":{"id":"MOCK-ASK-NVDA-7-1751362635963","side":"sell","price":140.98,"size":2.8072701729142415,"type":"limit"}},{"opId":158,"ts":1751362635965,"op":"l","o":{"id":"MOCK-ASK-NVDA-8-1751362635964","side":"sell","price":141.12,"size":4.373722131968251,"type":"limit"}},{"opId":159,"ts":1751362635966,"op":"l","o":{"id":"MOCK-ASK-NVDA-9-1751362635966","side":"sell","price":141.26,"size":0.5511381856467278,"type":"limit"}},{"opId":160,"ts":1751362635967,"op":"l","o":{"id":"MOCK-ASK-NVDA-10-1751362635967","side":"sell","price":141.4,"size":0.7776791426426742,"type":"limit"}},{"opId":161,"ts":1751607719822,"op":"l","o":{"id":"MOCK-BID-NVDA-1-1751607719822","side":"buy","price":139.86,"size":0.29846758075994895,"type":"limit"}},{"opId":162,"ts":1751607719826,"op":"l","o":{"id":"MOCK-BID-NVDA-2-1751607719826","side":"buy","price":139.72,"size":1.6679008523359817,"type":"limit"}},{"opId":163,"ts":1751607719829,"op":"l","o":{"id":"MOCK-BID-NVDA-3-1751607719829","side":"buy","price":139.58,"size":2.300465897970485,"type":"limit"}},{"opId":164,"ts":1751607719831,"op":"l","o":{"id":"MOCK-BID-NVDA-4-1751607719831","side":"buy","price":139.44,"size":1.6358790343109741,"type":"limit"}},{"opId":165,"ts":1751607719832,"op":"l","o":{"id":"MOCK-BID-NVDA-5-1751607719832","side":"buy","price":139.3,"size":3.6733077139497214,"type":"limit"}},{"opId":166,"ts":1751607719833,"op":"l","o":{"id":"MOCK-BID-NVDA-6-1751607719833","side":"buy","price":139.16,"size":3.0653051111901997,"type":"limit"}},{"opId":167,"ts":1751607719835,"op":"l","o":{"id":"MOCK-BID-NVDA-7-1751607719834","side":"buy","price":139.02,"size":4.201184571316473,"type":"limit"}},{"opId":168,"ts":1751607719836,"op":"l","o":{"id":"MOCK-BID-NVDA-8-1751607719836","side":"buy","price":138.88,"size":4.927967698445955,"type":"limit"}},{"opId":169,"ts":1751607719837,"op":"l","o":{"id":"MOCK-BID-NVDA-9-1751607719837","side":"buy","price":138.74,"size":1.1129850701745614,"type":"limit"}},{"opId":170,"ts":1751607719840,"op":"l","o":{"id":"MOCK-BID-NVDA-10-1751607719840","side":"buy","price":138.6,"size":2.3838280326501713,"type":"limit"}},{"opId":171,"ts":1751607719842,"op":"l","o":{"id":"MOCK-ASK-NVDA-1-1751607719842","side":"sell","price":140.14,"size":4.095964256211779,"type":"limit"}},{"opId":172,"ts":1751607719848,"op":"l","o":{"id":"MOCK-ASK-NVDA-2-1751607719848","side":"sell","price":140.28,"size":3.9844564524648054,"type":"limit"}},{"opId":173,"ts":1751607719849,"op":"l","o":{"id":"MOCK-ASK-NVDA-3-1751607719849","side":"sell","price":140.42,"size":2.6715670219478405,"type":"limit"}},{"opId":174,"ts":1751607719850,"op":"l","o":{"id":"MOCK-ASK-NVDA-4-1751607719850","side":"sell","price":140.56,"size":3.212845332733473,"type":"limit"}},{"opId":175,"ts":1751607719851,"op":"l","o":{"id":"MOCK-ASK-NVDA-5-1751607719851","side":"sell","price":140.7,"size":3.5199265852204342,"type":"limit"}},{"opId":176,"ts":1751607719852,"op":"l","o":{"id":"MOCK-ASK-NVDA-6-1751607719852","side":"sell","price":140.84,"size":5.059528328805381,"type":"limit"}},{"opId":177,"ts":1751607719854,"op":"l","o":{"id":"MOCK-ASK-NVDA-7-1751607719854","side":"sell","price":140.98,"size":3.3792103036014565,"type":"limit"}},{"opId":178,"ts":1751607719857,"op":"l","o":{"id":"MOCK-ASK-NVDA-8-1751607719856","side":"sell","price":141.12,"size":4.3968782923061,"type":"limit"}},{"opId":179,"ts":1751607719860,"op":"l","o":{"id":"MOCK-ASK-NVDA-9-1751607719860","side":"sell","price":141.26,"size":0.929628299974825,"type":"limit"}},{"opId":180,"ts":1751607719864,"op":"l","o":{"id":"MOCK-ASK-NVDA-10-1751607719864","side":"sell","price":141.4,"size":4.6411307341047054,"type":"limit"}},{"opId":181,"ts":1751608273806,"op":"l","o":{"id":"MOCK-BID-NVDA-1-1751608273806","side":"buy","price":139.86,"size":2.347519415213366,"type":"limit"}},{"opId":182,"ts":1751608273809,"op":"l","o":{"id":"MOCK-BID-NVDA-2-1751608273809","side":"buy","price":139.72,"size":1.1175595843270125,"type":"limit"}},{"opId":183,"ts":1751608273812,"op":"l","o":{"id":"MOCK-BID-NVDA-3-1751608273812","side":"buy","price":139.58,"size":2.568311324295809,"type":"limit"}},{"opId":184,"ts":1751608273815,"op":"l","o":{"id":"MOCK-BID-NVDA-4-1751608273815","side":"buy","price":139.44,"size":2.352029909760376,"type":"limit"}},{"opId":185,"ts":1751608273818,"op":"l","o":{"id":"MOCK-BID-NVDA-5-1751608273818","side":"buy","price":139.3,"size":1.4728769389125296,"type":"limit"}},{"opId":186,"ts":1751608273823,"op":"l","o":{"id":"MOCK-BID-NVDA-6-1751608273823","side":"buy","price":139.16,"size":4.389714057571446,"type":"limit"}},{"opId":187,"ts":1751608273827,"op":"l","o":{"id":"MOCK-BID-NVDA-7-1751608273827","side":"buy","price":139.02,"size":3.1687141440898645,"type":"limit"}},{"opId":188,"ts":1751608273832,"op":"l","o":{"id":"MOCK-BID-NVDA-8-1751608273832","side":"buy","price":138.88,"size":3.8083232295297575,"type":"limit"}},{"opId":189,"ts":1751608273835,"op":"l","o":{"id":"MOCK-BID-NVDA-9-1751608273834","side":"buy","price":138.74,"size":0.11639572585675043,"type":"limit"}},{"opId":190,"ts":1751608273837,"op":"l","o":{"id":"MOCK-BID-NVDA-10-1751608273837","side":"buy","price":138.6,"size":4.195040275006622,"type":"limit"}},{"opId":191,"ts":1751608273841,"op":"l","o":{"id":"MOCK-ASK-NVDA-1-1751608273841","side":"sell","price":140.14,"size":3.397050878637421,"type":"limit"}},{"opId":192,"ts":1751608273847,"op":"l","o":{"id":"MOCK-ASK-NVDA-2-1751608273847","side":"sell","price":140.28,"size":4.700476368641191,"type":"limit"}},{"opId":193,"ts":1751608273850,"op":"l","o":{"id":"MOCK-ASK-NVDA-3-1751608273850","side":"sell","price":140.42,"size":3.0372935489649833,"type":"limit"}},{"opId":194,"ts":1751608273852,"op":"l","o":{"id":"MOCK-ASK-NVDA-4-1751608273852","side":"sell","price":140.56,"size":1.7506851683794122,"type":"limit"}},{"opId":195,"ts":1751608273858,"op":"l","o":{"id":"MOCK-ASK-NVDA-5-1751608273858","side":"sell","price":140.7,"size":0.30962046542553845,"type":"limit"}},{"opId":196,"ts":1751608273865,"op":"l","o":{"id":"MOCK-ASK-NVDA-6-1751608273865","side":"sell","price":140.84,"size":3.6894751036498827,"type":"limit"}},{"opId":197,"ts":1751608273867,"op":"l","o":{"id":"MOCK-ASK-NVDA-7-1751608273867","side":"sell","price":140.98,"size":3.774727085392633,"type":"limit"}},{"opId":198,"ts":1751608273869,"op":"l","o":{"id":"MOCK-ASK-NVDA-8-1751608273869","side":"sell","price":141.12,"size":0.7906653399175988,"type":"limit"}},{"opId":199,"ts":1751608273875,"op":"l","o":{"id":"MOCK-ASK-NVDA-9-1751608273875","side":"sell","price":141.26,"size":4.26651266200281,"type":"limit"}},{"opId":200,"ts":1751608273878,"op":"l","o":{"id":"MOCK-ASK-NVDA-10-1751608273878","side":"sell","price":141.4,"size":2.062061269393687,"type":"limit"}},{"opId":201,"ts":1751616146916,"op":"l","o":{"id":"MOCK-BID-NVDA-1-1751616146916","side":"buy","price":139.86,"size":0.881107693940688,"type":"limit"}},{"opId":202,"ts":1751616146919,"op":"l","o":{"id":"MOCK-BID-NVDA-2-1751616146919","side":"buy","price":139.72,"size":1.945723731039477,"type":"limit"}},{"opId":203,"ts":1751616146922,"op":"l","o":{"id":"MOCK-BID-NVDA-3-1751616146922","side":"buy","price":139.58,"size":1.7022200404292642,"type":"limit"}},{"opId":204,"ts":1751616146973,"op":"l","o":{"id":"MOCK-BID-NVDA-4-1751616146972","side":"buy","price":139.44,"size":2.603968208883344,"type":"limit"}},{"opId":205,"ts":1751616147001,"op":"l","o":{"id":"MOCK-BID-NVDA-5-1751616147001","side":"buy","price":139.3,"size":1.8129668722261993,"type":"limit"}},{"opId":206,"ts":1751616147008,"op":"l","o":{"id":"MOCK-BID-NVDA-6-1751616147008","side":"buy","price":139.16,"size":1.6821615013004043,"type":"limit"}},{"opId":207,"ts":1751616147038,"op":"l","o":{"id":"MOCK-BID-NVDA-7-1751616147038","side":"buy","price":139.02,"size":1.1951448945688892,"type":"limit"}},{"opId":208,"ts":1751616147042,"op":"l","o":{"id":"MOCK-BID-NVDA-8-1751616147042","side":"buy","price":138.88,"size":0.7090447079358474,"type":"limit"}},{"opId":209,"ts":1751616147051,"op":"l","o":{"id":"MOCK-BID-NVDA-9-1751616147050","side":"buy","price":138.74,"size":3.2893043816407643,"type":"limit"}},{"opId":210,"ts":1751616147053,"op":"l","o":{"id":"MOCK-BID-NVDA-10-1751616147053","side":"buy","price":138.6,"size":1.4623863376106594,"type":"limit"}},{"opId":211,"ts":1751616147056,"op":"l","o":{"id":"MOCK-ASK-NVDA-1-1751616147056","side":"sell","price":140.14,"size":0.5504674338013703,"type":"limit"}},{"opId":212,"ts":1751616147062,"op":"l","o":{"id":"MOCK-ASK-NVDA-2-1751616147061","side":"sell","price":140.28,"size":1.5972538465523856,"type":"limit"}},{"opId":213,"ts":1751616147067,"op":"l","o":{"id":"MOCK-ASK-NVDA-3-1751616147067","side":"sell","price":140.42,"size":2.542812413599439,"type":"limit"}},{"opId":214,"ts":1751616147071,"op":"l","o":{"id":"MOCK-ASK-NVDA-4-1751616147071","side":"sell","price":140.56,"size":2.3004611815223353,"type":"limit"}},{"opId":215,"ts":1751616147121,"op":"l","o":{"id":"MOCK-ASK-NVDA-5-1751616147120","side":"sell","price":140.7,"size":3.994424314780366,"type":"limit"}},{"opId":216,"ts":1751616147126,"op":"l","o":{"id":"MOCK-ASK-NVDA-6-1751616147126","side":"sell","price":140.84,"size":4.630832358211696,"type":"limit"}},{"opId":217,"ts":1751616147130,"op":"l","o":{"id":"MOCK-ASK-NVDA-7-1751616147130","side":"sell","price":140.98,"size":2.3985734538971024,"type":"limit"}},{"opId":218,"ts":1751616147134,"op":"l","o":{"id":"MOCK-ASK-NVDA-8-1751616147134","side":"sell","price":141.12,"size":3.8340409622607274,"type":"limit"}},{"opId":219,"ts":1751616147139,"op":"l","o":{"id":"MOCK-ASK-NVDA-9-1751616147139","side":"sell","price":141.26,"size":3.1219753464260616,"type":"limit"}},{"opId":220,"ts":1751616147145,"op":"l","o":{"id":"MOCK-ASK-NVDA-10-1751616147145","side":"sell","price":141.4,"size":4.381281229677699,"type":"limit"}}]