[{"opId":1,"ts":1751256930702,"op":"l","o":{"id":"MOCK-BID-NVDA-1-1751256930702","side":"buy","price":139.86,"size":1.5548892596133579,"type":"limit"}},{"opId":2,"ts":1751256930703,"op":"l","o":{"id":"MOCK-BID-NVDA-2-1751256930703","side":"buy","price":139.72,"size":1.427862914477449,"type":"limit"}},{"opId":3,"ts":1751256930704,"op":"l","o":{"id":"MOCK-BID-NVDA-3-1751256930704","side":"buy","price":139.58,"size":4.526912616850124,"type":"limit"}},{"opId":4,"ts":1751256930705,"op":"l","o":{"id":"MOCK-BID-NVDA-4-1751256930705","side":"buy","price":139.44,"size":0.4461192197213836,"type":"limit"}},{"opId":5,"ts":1751256930707,"op":"l","o":{"id":"MOCK-BID-NVDA-5-1751256930706","side":"buy","price":139.3,"size":4.401613679114644,"type":"limit"}},{"opId":6,"ts":1751256930708,"op":"l","o":{"id":"MOCK-BID-NVDA-6-1751256930708","side":"buy","price":139.16,"size":2.4925046435927523,"type":"limit"}},{"opId":7,"ts":1751256930710,"op":"l","o":{"id":"MOCK-BID-NVDA-7-1751256930710","side":"buy","price":139.02,"size":0.8381340943866032,"type":"limit"}},{"opId":8,"ts":1751256930713,"op":"l","o":{"id":"MOCK-BID-NVDA-8-1751256930712","side":"buy","price":138.88,"size":4.033601730563814,"type":"limit"}},{"opId":9,"ts":1751256930715,"op":"l","o":{"id":"MOCK-BID-NVDA-9-1751256930714","side":"buy","price":138.74,"size":3.4960816800500703,"type":"limit"}},{"opId":10,"ts":1751256930716,"op":"l","o":{"id":"MOCK-BID-NVDA-10-1751256930716","side":"buy","price":138.6,"size":5.071141741760156,"type":"limit"}},{"opId":11,"ts":1751256930718,"op":"l","o":{"id":"MOCK-ASK-NVDA-1-1751256930718","side":"sell","price":140.14,"size":0.26127369167697523,"type":"limit"}},{"opId":12,"ts":1751256930719,"op":"l","o":{"id":"MOCK-ASK-NVDA-2-1751256930719","side":"sell","price":140.28,"size":4.0124657180708905,"type":"limit"}},{"opId":13,"ts":1751256930721,"op":"l","o":{"id":"MOCK-ASK-NVDA-3-1751256930721","side":"sell","price":140.42,"size":3.90129993588209,"type":"limit"}},{"opId":14,"ts":1751256930722,"op":"l","o":{"id":"MOCK-ASK-NVDA-4-1751256930722","side":"sell","price":140.56,"size":3.550000719919979,"type":"limit"}},{"opId":15,"ts":1751256930723,"op":"l","o":{"id":"MOCK-ASK-NVDA-5-1751256930723","side":"sell","price":140.7,"size":0.5470106327838352,"type":"limit"}},{"opId":16,"ts":1751256930724,"op":"l","o":{"id":"MOCK-ASK-NVDA-6-1751256930724","side":"sell","price":140.84,"size":2.5562101706628835,"type":"limit"}},{"opId":17,"ts":1751256930726,"op":"l","o":{"id":"MOCK-ASK-NVDA-7-1751256930726","side":"sell","price":140.98,"size":2.292614738325771,"type":"limit"}},{"opId":18,"ts":1751256930727,"op":"l","o":{"id":"MOCK-ASK-NVDA-8-1751256930727","side":"sell","price":141.12,"size":1.9381710807103947,"type":"limit"}},{"opId":19,"ts":1751256930728,"op":"l","o":{"id":"MOCK-ASK-NVDA-9-1751256930728","side":"sell","price":141.26,"size":0.8136255755174303,"type":"limit"}},{"opId":20,"ts":1751256930729,"op":"l","o":{"id":"MOCK-ASK-NVDA-10-1751256930729","side":"sell","price":141.4,"size":3.759013364846915,"type":"limit"}},{"opId":21,"ts":1751350791933,"op":"l","o":{"id":"MOCK-BID-NVDA-1-1751350791933","side":"buy","price":139.86,"size":1.447763578435688,"type":"limit"}},{"opId":22,"ts":1751350791938,"op":"l","o":{"id":"MOCK-BID-NVDA-2-1751350791938","side":"buy","price":139.72,"size":0.14632241292723216,"type":"limit"}},{"opId":23,"ts":1751350791939,"op":"l","o":{"id":"MOCK-BID-NVDA-3-1751350791939","side":"buy","price":139.58,"size":4.728707570109571,"type":"limit"}},{"opId":24,"ts":1751350791941,"op":"l","o":{"id":"MOCK-BID-NVDA-4-1751350791941","side":"buy","price":139.44,"size":4.612296341469268,"type":"limit"}},{"opId":25,"ts":1751350791942,"op":"l","o":{"id":"MOCK-BID-NVDA-5-1751350791942","side":"buy","price":139.3,"size":0.2265186385784245,"type":"limit"}},{"opId":26,"ts":1751350791943,"op":"l","o":{"id":"MOCK-BID-NVDA-6-1751350791943","side":"buy","price":139.16,"size":5.041490954922206,"type":"limit"}},{"opId":27,"ts":1751350791946,"op":"l","o":{"id":"MOCK-BID-NVDA-7-1751350791946","side":"buy","price":139.02,"size":4.000540016602741,"type":"limit"}},{"opId":28,"ts":1751350791948,"op":"l","o":{"id":"MOCK-BID-NVDA-8-1751350791948","side":"buy","price":138.88,"size":4.168732808569598,"type":"limit"}},{"opId":29,"ts":1751350791950,"op":"l","o":{"id":"MOCK-BID-NVDA-9-1751350791950","side":"buy","price":138.74,"size":0.4481006655293128,"type":"limit"}},{"opId":30,"ts":1751350791951,"op":"l","o":{"id":"MOCK-BID-NVDA-10-1751350791951","side":"buy","price":138.6,"size":3.3313115378384004,"type":"limit"}},{"opId":31,"ts":1751350791952,"op":"l","o":{"id":"MOCK-ASK-NVDA-1-1751350791952","side":"sell","price":140.14,"size":0.13713351970188406,"type":"limit"}},{"opId":32,"ts":1751350791954,"op":"l","o":{"id":"MOCK-ASK-NVDA-2-1751350791954","side":"sell","price":140.28,"size":2.543915516409616,"type":"limit"}},{"opId":33,"ts":1751350791955,"op":"l","o":{"id":"MOCK-ASK-NVDA-3-1751350791955","side":"sell","price":140.42,"size":2.117446820514073,"type":"limit"}},{"opId":34,"ts":1751350791960,"op":"l","o":{"id":"MOCK-ASK-NVDA-4-1751350791960","side":"sell","price":140.56,"size":1.0374977405606,"type":"limit"}},{"opId":35,"ts":1751350791962,"op":"l","o":{"id":"MOCK-ASK-NVDA-5-1751350791962","side":"sell","price":140.7,"size":1.7609597898627793,"type":"limit"}},{"opId":36,"ts":1751350791964,"op":"l","o":{"id":"MOCK-ASK-NVDA-6-1751350791964","side":"sell","price":140.84,"size":4.67754645652685,"type":"limit"}},{"opId":37,"ts":1751350791965,"op":"l","o":{"id":"MOCK-ASK-NVDA-7-1751350791965","side":"sell","price":140.98,"size":3.4580691104988825,"type":"limit"}},{"opId":38,"ts":1751350791966,"op":"l","o":{"id":"MOCK-ASK-NVDA-8-1751350791966","side":"sell","price":141.12,"size":3.12360824192058,"type":"limit"}},{"opId":39,"ts":1751350791967,"op":"l","o":{"id":"MOCK-ASK-NVDA-9-1751350791967","side":"sell","price":141.26,"size":2.315091735782467,"type":"limit"}},{"opId":40,"ts":1751350791969,"op":"l","o":{"id":"MOCK-ASK-NVDA-10-1751350791969","side":"sell","price":141.4,"size":0.8529925116548019,"type":"limit"}},{"opId":41,"ts":1751351925646,"op":"l","o":{"id":"MOCK-BID-NVDA-1-1751351925646","side":"buy","price":139.86,"size":3.840687121594264,"type":"limit"}},{"opId":42,"ts":1751351925648,"op":"l","o":{"id":"MOCK-BID-NVDA-2-1751351925648","side":"buy","price":139.72,"size":1.4521959552724184,"type":"limit"}},{"opId":43,"ts":1751351925651,"op":"l","o":{"id":"MOCK-BID-NVDA-3-1751351925651","side":"buy","price":139.58,"size":3.6798408416270267,"type":"limit"}},{"opId":44,"ts":1751351925652,"op":"l","o":{"id":"MOCK-BID-NVDA-4-1751351925652","side":"buy","price":139.44,"size":4.324400022578982,"type":"limit"}},{"opId":45,"ts":1751351925656,"op":"l","o":{"id":"MOCK-BID-NVDA-5-1751351925656","side":"buy","price":139.3,"size":3.480161379645691,"type":"limit"}},{"opId":46,"ts":1751351925657,"op":"l","o":{"id":"MOCK-BID-NVDA-6-1751351925657","side":"buy","price":139.16,"size":4.76881787944112,"type":"limit"}},{"opId":47,"ts":1751351925658,"op":"l","o":{"id":"MOCK-BID-NVDA-7-1751351925658","side":"buy","price":139.02,"size":0.15051925906943922,"type":"limit"}},{"opId":48,"ts":1751351925658,"op":"l","o":{"id":"MOCK-BID-NVDA-8-1751351925658","side":"buy","price":138.88,"size":1.3218551781770105,"type":"limit"}},{"opId":49,"ts":1751351925659,"op":"l","o":{"id":"MOCK-BID-NVDA-9-1751351925659","side":"buy","price":138.74,"size":4.8899425242938115,"type":"limit"}},{"opId":50,"ts":1751351925660,"op":"l","o":{"id":"MOCK-BID-NVDA-10-1751351925660","side":"buy","price":138.6,"size":1.1221903264432542,"type":"limit"}},{"opId":51,"ts":1751351925661,"op":"l","o":{"id":"MOCK-ASK-NVDA-1-1751351925661","side":"sell","price":140.14,"size":4.452614357360629,"type":"limit"}},{"opId":52,"ts":1751351925662,"op":"l","o":{"id":"MOCK-ASK-NVDA-2-1751351925661","side":"sell","price":140.28,"size":3.1446621436391378,"type":"limit"}},{"opId":53,"ts":1751351925663,"op":"l","o":{"id":"MOCK-ASK-NVDA-3-1751351925663","side":"sell","price":140.42,"size":4.632841251171405,"type":"limit"}},{"opId":54,"ts":1751351925664,"op":"l","o":{"id":"MOCK-ASK-NVDA-4-1751351925664","side":"sell","price":140.56,"size":1.5412952825411208,"type":"limit"}},{"opId":55,"ts":1751351925665,"op":"l","o":{"id":"MOCK-ASK-NVDA-5-1751351925665","side":"sell","price":140.7,"size":0.7288793727893993,"type":"limit"}},{"opId":56,"ts":1751351925667,"op":"l","o":{"id":"MOCK-ASK-NVDA-6-1751351925667","side":"sell","price":140.84,"size":1.2017610541667412,"type":"limit"}},{"opId":57,"ts":1751351925671,"op":"l","o":{"id":"MOCK-ASK-NVDA-7-1751351925671","side":"sell","price":140.98,"size":1.5557965538074003,"type":"limit"}},{"opId":58,"ts":1751351925672,"op":"l","o":{"id":"MOCK-ASK-NVDA-8-1751351925672","side":"sell","price":141.12,"size":4.63605091867524,"type":"limit"}},{"opId":59,"ts":1751351925673,"op":"l","o":{"id":"MOCK-ASK-NVDA-9-1751351925673","side":"sell","price":141.26,"size":2.854246703585773,"type":"limit"}},{"opId":60,"ts":1751351925674,"op":"l","o":{"id":"MOCK-ASK-NVDA-10-1751351925674","side":"sell","price":141.4,"size":0.3495422446772366,"type":"limit"}},{"opId":61,"ts":1751352295646,"op":"l","o":{"id":"MOCK-BID-NVDA-1-1751352295646","side":"buy","price":139.86,"size":0.8913335360826801,"type":"limit"}},{"opId":62,"ts":1751352295648,"op":"l","o":{"id":"MOCK-BID-NVDA-2-1751352295648","side":"buy","price":139.72,"size":4.591162032279633,"type":"limit"}},{"opId":63,"ts":1751352295650,"op":"l","o":{"id":"MOCK-BID-NVDA-3-1751352295650","side":"buy","price":139.58,"size":2.9591468163874226,"type":"limit"}},{"opId":64,"ts":1751352295656,"op":"l","o":{"id":"MOCK-BID-NVDA-4-1751352295656","side":"buy","price":139.44,"size":5.029106561022157,"type":"limit"}},{"opId":65,"ts":1751352295659,"op":"l","o":{"id":"MOCK-BID-NVDA-5-1751352295659","side":"buy","price":139.3,"size":4.308837582878216,"type":"limit"}},{"opId":66,"ts":1751352295661,"op":"l","o":{"id":"MOCK-BID-NVDA-6-1751352295661","side":"buy","price":139.16,"size":3.753711416274166,"type":"limit"}},{"opId":67,"ts":1751352295662,"op":"l","o":{"id":"MOCK-BID-NVDA-7-1751352295662","side":"buy","price":139.02,"size":2.25328217091412,"type":"limit"}},{"opId":68,"ts":1751352295664,"op":"l","o":{"id":"MOCK-BID-NVDA-8-1751352295664","side":"buy","price":138.88,"size":1.9612835052971633,"type":"limit"}},{"opId":69,"ts":1751352295666,"op":"l","o":{"id":"MOCK-BID-NVDA-9-1751352295665","side":"buy","price":138.74,"size":1.7039709036899997,"type":"limit"}},{"opId":70,"ts":1751352295667,"op":"l","o":{"id":"MOCK-BID-NVDA-10-1751352295667","side":"buy","price":138.6,"size":3.61327431715995,"type":"limit"}},{"opId":71,"ts":1751352295668,"op":"l","o":{"id":"MOCK-ASK-NVDA-1-1751352295668","side":"sell","price":140.14,"size":4.274329164153134,"type":"limit"}},{"opId":72,"ts":1751352295669,"op":"l","o":{"id":"MOCK-ASK-NVDA-2-1751352295669","side":"sell","price":140.28,"size":0.9253117187383019,"type":"limit"}},{"opId":73,"ts":1751352295671,"op":"l","o":{"id":"MOCK-ASK-NVDA-3-1751352295671","side":"sell","price":140.42,"size":4.396767795518877,"type":"limit"}},{"opId":74,"ts":1751352295673,"op":"l","o":{"id":"MOCK-ASK-NVDA-4-1751352295673","side":"sell","price":140.56,"size":0.7499575473615093,"type":"limit"}},{"opId":75,"ts":1751352295678,"op":"l","o":{"id":"MOCK-ASK-NVDA-5-1751352295678","side":"sell","price":140.7,"size":3.2143316016624723,"type":"limit"}},{"opId":76,"ts":1751352295681,"op":"l","o":{"id":"MOCK-ASK-NVDA-6-1751352295681","side":"sell","price":140.84,"size":1.6577375561676977,"type":"limit"}},{"opId":77,"ts":1751352295684,"op":"l","o":{"id":"MOCK-ASK-NVDA-7-1751352295684","side":"sell","price":140.98,"size":2.961181057048863,"type":"limit"}},{"opId":78,"ts":1751352295693,"op":"l","o":{"id":"MOCK-ASK-NVDA-8-1751352295693","side":"sell","price":141.12,"size":3.5698250426333478,"type":"limit"}},{"opId":79,"ts":1751352295694,"op":"l","o":{"id":"MOCK-ASK-NVDA-9-1751352295694","side":"sell","price":141.26,"size":0.46863278835930544,"type":"limit"}},{"opId":80,"ts":1751352295696,"op":"l","o":{"id":"MOCK-ASK-NVDA-10-1751352295695","side":"sell","price":141.4,"size":4.114547725556875,"type":"limit"}},{"opId":81,"ts":1751354317069,"op":"l","o":{"id":"MOCK-BID-NVDA-1-1751354317069","side":"buy","price":139.86,"size":1.0973071558956826,"type":"limit"}},{"opId":82,"ts":1751354317072,"op":"l","o":{"id":"MOCK-BID-NVDA-2-1751354317072","side":"buy","price":139.72,"size":0.7835860869328547,"type":"limit"}},{"opId":83,"ts":1751354317075,"op":"l","o":{"id":"MOCK-BID-NVDA-3-1751354317075","side":"buy","price":139.58,"size":2.3484418073037197,"type":"limit"}},{"opId":84,"ts":1751354317079,"op":"l","o":{"id":"MOCK-BID-NVDA-4-1751354317079","side":"buy","price":139.44,"size":1.908232100355144,"type":"limit"}},{"opId":85,"ts":1751354317082,"op":"l","o":{"id":"MOCK-BID-NVDA-5-1751354317081","side":"buy","price":139.3,"size":0.27166564066440235,"type":"limit"}},{"opId":86,"ts":1751354317084,"op":"l","o":{"id":"MOCK-BID-NVDA-6-1751354317084","side":"buy","price":139.16,"size":1.1213234277424278,"type":"limit"}},{"opId":87,"ts":1751354317086,"op":"l","o":{"id":"MOCK-BID-NVDA-7-1751354317086","side":"buy","price":139.02,"size":4.1905993756398505,"type":"limit"}},{"opId":88,"ts":1751354317089,"op":"l","o":{"id":"MOCK-BID-NVDA-8-1751354317089","side":"buy","price":138.88,"size":2.1946356980516843,"type":"limit"}},{"opId":89,"ts":1751354317091,"op":"l","o":{"id":"MOCK-BID-NVDA-9-1751354317091","side":"buy","price":138.74,"size":2.9979596337935144,"type":"limit"}},{"opId":90,"ts":1751354317095,"op":"l","o":{"id":"MOCK-BID-NVDA-10-1751354317095","side":"buy","price":138.6,"size":3.082081664010509,"type":"limit"}},{"opId":91,"ts":1751354317098,"op":"l","o":{"id":"MOCK-ASK-NVDA-1-1751354317097","side":"sell","price":140.14,"size":3.515553947404544,"type":"limit"}},{"opId":92,"ts":1751354317102,"op":"l","o":{"id":"MOCK-ASK-NVDA-2-1751354317102","side":"sell","price":140.28,"size":2.3870422977419268,"type":"limit"}},{"opId":93,"ts":1751354317106,"op":"l","o":{"id":"MOCK-ASK-NVDA-3-1751354317106","side":"sell","price":140.42,"size":3.2433740142560685,"type":"limit"}},{"opId":94,"ts":1751354317108,"op":"l","o":{"id":"MOCK-ASK-NVDA-4-1751354317108","side":"sell","price":140.56,"size":2.6658537976340058,"type":"limit"}},{"opId":95,"ts":1751354317110,"op":"l","o":{"id":"MOCK-ASK-NVDA-5-1751354317110","side":"sell","price":140.7,"size":3.1992571939848125,"type":"limit"}},{"opId":96,"ts":1751354317113,"op":"l","o":{"id":"MOCK-ASK-NVDA-6-1751354317113","side":"sell","price":140.84,"size":3.3488600808462734,"type":"limit"}},{"opId":97,"ts":1751354317116,"op":"l","o":{"id":"MOCK-ASK-NVDA-7-1751354317116","side":"sell","price":140.98,"size":0.4816206274498068,"type":"limit"}},{"opId":98,"ts":1751354317122,"op":"l","o":{"id":"MOCK-ASK-NVDA-8-1751354317122","side":"sell","price":141.12,"size":2.791257139850254,"type":"limit"}},{"opId":99,"ts":1751354317125,"op":"l","o":{"id":"MOCK-ASK-NVDA-9-1751354317125","side":"sell","price":141.26,"size":4.875806923336032,"type":"limit"}},{"opId":100,"ts":1751354317128,"op":"l","o":{"id":"MOCK-ASK-NVDA-10-1751354317128","side":"sell","price":141.4,"size":4.630841472344172,"type":"limit"}}]