[{"opId":1,"ts":1751256930757,"op":"l","o":{"id":"MOCK-BID-PLTR-1-1751256930757","side":"buy","price":44.955,"size":0.19353796479204202,"type":"limit"}},{"opId":2,"ts":1751256930758,"op":"l","o":{"id":"MOCK-BID-PLTR-2-1751256930758","side":"buy","price":44.91,"size":0.6528999419310387,"type":"limit"}},{"opId":3,"ts":1751256930760,"op":"l","o":{"id":"MOCK-BID-PLTR-3-1751256930760","side":"buy","price":44.865,"size":4.420277435966089,"type":"limit"}},{"opId":4,"ts":1751256930761,"op":"l","o":{"id":"MOCK-BID-PLTR-4-1751256930761","side":"buy","price":44.82,"size":3.7496606367376804,"type":"limit"}},{"opId":5,"ts":1751256930763,"op":"l","o":{"id":"MOCK-BID-PLTR-5-1751256930762","side":"buy","price":44.775,"size":2.4608840234993026,"type":"limit"}},{"opId":6,"ts":1751256930764,"op":"l","o":{"id":"MOCK-BID-PLTR-6-1751256930764","side":"buy","price":44.73,"size":4.16787817012059,"type":"limit"}},{"opId":7,"ts":1751256930766,"op":"l","o":{"id":"MOCK-BID-PLTR-7-1751256930766","side":"buy","price":44.685,"size":2.519376269622328,"type":"limit"}},{"opId":8,"ts":1751256930769,"op":"l","o":{"id":"MOCK-BID-PLTR-8-1751256930768","side":"buy","price":44.64,"size":2.2467761845558845,"type":"limit"}},{"opId":9,"ts":1751256930770,"op":"l","o":{"id":"MOCK-BID-PLTR-9-1751256930770","side":"buy","price":44.595,"size":2.087604172817391,"type":"limit"}},{"opId":10,"ts":1751256930772,"op":"l","o":{"id":"MOCK-BID-PLTR-10-1751256930772","side":"buy","price":44.55,"size":3.5210757329256634,"type":"limit"}},{"opId":11,"ts":1751256930774,"op":"l","o":{"id":"MOCK-ASK-PLTR-1-1751256930774","side":"sell","price":45.045,"size":0.7292402252132634,"type":"limit"}},{"opId":12,"ts":1751256930776,"op":"l","o":{"id":"MOCK-ASK-PLTR-2-1751256930776","side":"sell","price":45.09,"size":1.2146221823491388,"type":"limit"}},{"opId":13,"ts":1751256930777,"op":"l","o":{"id":"MOCK-ASK-PLTR-3-1751256930777","side":"sell","price":45.135,"size":0.26125981091725803,"type":"limit"}},{"opId":14,"ts":1751256930779,"op":"l","o":{"id":"MOCK-ASK-PLTR-4-1751256930779","side":"sell","price":45.18,"size":3.855699957497001,"type":"limit"}},{"opId":15,"ts":1751256930780,"op":"l","o":{"id":"MOCK-ASK-PLTR-5-1751256930780","side":"sell","price":45.225,"size":3.9723475073570733,"type":"limit"}},{"opId":16,"ts":1751256930781,"op":"l","o":{"id":"MOCK-ASK-PLTR-6-1751256930781","side":"sell","price":45.27,"size":3.894870237516479,"type":"limit"}},{"opId":17,"ts":1751256930782,"op":"l","o":{"id":"MOCK-ASK-PLTR-7-1751256930782","side":"sell","price":45.315,"size":0.4657931618110954,"type":"limit"}},{"opId":18,"ts":1751256930784,"op":"l","o":{"id":"MOCK-ASK-PLTR-8-1751256930784","side":"sell","price":45.36,"size":2.5898449693508163,"type":"limit"}},{"opId":19,"ts":1751256930785,"op":"l","o":{"id":"MOCK-ASK-PLTR-9-1751256930785","side":"sell","price":45.405,"size":4.079475289812155,"type":"limit"}},{"opId":20,"ts":1751256930786,"op":"l","o":{"id":"MOCK-ASK-PLTR-10-1751256930786","side":"sell","price":45.45,"size":3.642544249555073,"type":"limit"}},{"opId":21,"ts":1751350792010,"op":"l","o":{"id":"MOCK-BID-PLTR-1-1751350792010","side":"buy","price":44.955,"size":4.506351994685769,"type":"limit"}},{"opId":22,"ts":1751350792016,"op":"l","o":{"id":"MOCK-BID-PLTR-2-1751350792016","side":"buy","price":44.91,"size":3.1857884594650385,"type":"limit"}},{"opId":23,"ts":1751350792023,"op":"l","o":{"id":"MOCK-BID-PLTR-3-1751350792022","side":"buy","price":44.865,"size":2.6127160473716207,"type":"limit"}},{"opId":24,"ts":1751350792025,"op":"l","o":{"id":"MOCK-BID-PLTR-4-1751350792024","side":"buy","price":44.82,"size":4.944365057803136,"type":"limit"}},{"opId":25,"ts":1751350792026,"op":"l","o":{"id":"MOCK-BID-PLTR-5-1751350792025","side":"buy","price":44.775,"size":3.352649228448088,"type":"limit"}},{"opId":26,"ts":1751350792027,"op":"l","o":{"id":"MOCK-BID-PLTR-6-1751350792027","side":"buy","price":44.73,"size":2.9113358128895075,"type":"limit"}},{"opId":27,"ts":1751350792030,"op":"l","o":{"id":"MOCK-BID-PLTR-7-1751350792030","side":"buy","price":44.685,"size":1.02685820081167,"type":"limit"}},{"opId":28,"ts":1751350792031,"op":"l","o":{"id":"MOCK-BID-PLTR-8-1751350792031","side":"buy","price":44.64,"size":4.661400583619155,"type":"limit"}},{"opId":29,"ts":1751350792033,"op":"l","o":{"id":"MOCK-BID-PLTR-9-1751350792032","side":"buy","price":44.595,"size":3.535796743928955,"type":"limit"}},{"opId":30,"ts":1751350792034,"op":"l","o":{"id":"MOCK-BID-PLTR-10-1751350792034","side":"buy","price":44.55,"size":1.5584726393400605,"type":"limit"}},{"opId":31,"ts":1751350792036,"op":"l","o":{"id":"MOCK-ASK-PLTR-1-1751350792036","side":"sell","price":45.045,"size":2.075558699083829,"type":"limit"}},{"opId":32,"ts":1751350792038,"op":"l","o":{"id":"MOCK-ASK-PLTR-2-1751350792037","side":"sell","price":45.09,"size":1.4539292915843527,"type":"limit"}},{"opId":33,"ts":1751350792039,"op":"l","o":{"id":"MOCK-ASK-PLTR-3-1751350792039","side":"sell","price":45.135,"size":0.7576472564464797,"type":"limit"}},{"opId":34,"ts":1751350792044,"op":"l","o":{"id":"MOCK-ASK-PLTR-4-1751350792044","side":"sell","price":45.18,"size":1.0709664185290746,"type":"limit"}},{"opId":35,"ts":1751350792047,"op":"l","o":{"id":"MOCK-ASK-PLTR-5-1751350792047","side":"sell","price":45.225,"size":3.388323116157196,"type":"limit"}},{"opId":36,"ts":1751350792048,"op":"l","o":{"id":"MOCK-ASK-PLTR-6-1751350792048","side":"sell","price":45.27,"size":0.12897238491528454,"type":"limit"}},{"opId":37,"ts":1751350792050,"op":"l","o":{"id":"MOCK-ASK-PLTR-7-1751350792050","side":"sell","price":45.315,"size":2.885381171232281,"type":"limit"}},{"opId":38,"ts":1751350792054,"op":"l","o":{"id":"MOCK-ASK-PLTR-8-1751350792054","side":"sell","price":45.36,"size":2.629810700523594,"type":"limit"}},{"opId":39,"ts":1751350792055,"op":"l","o":{"id":"MOCK-ASK-PLTR-9-1751350792055","side":"sell","price":45.405,"size":5.0935739876122685,"type":"limit"}},{"opId":40,"ts":1751350792056,"op":"l","o":{"id":"MOCK-ASK-PLTR-10-1751350792056","side":"sell","price":45.45,"size":2.6367695088490604,"type":"limit"}},{"opId":41,"ts":1751351925715,"op":"l","o":{"id":"MOCK-BID-PLTR-1-1751351925715","side":"buy","price":44.955,"size":2.4853350108201155,"type":"limit"}},{"opId":42,"ts":1751351925717,"op":"l","o":{"id":"MOCK-BID-PLTR-2-1751351925716","side":"buy","price":44.91,"size":1.6907048000068026,"type":"limit"}},{"opId":43,"ts":1751351925719,"op":"l","o":{"id":"MOCK-BID-PLTR-3-1751351925719","side":"buy","price":44.865,"size":3.1082504109767917,"type":"limit"}},{"opId":44,"ts":1751351925723,"op":"l","o":{"id":"MOCK-BID-PLTR-4-1751351925723","side":"buy","price":44.82,"size":3.3141419870101276,"type":"limit"}},{"opId":45,"ts":1751351925724,"op":"l","o":{"id":"MOCK-BID-PLTR-5-1751351925724","side":"buy","price":44.775,"size":2.7010303099791675,"type":"limit"}},{"opId":46,"ts":1751351925725,"op":"l","o":{"id":"MOCK-BID-PLTR-6-1751351925725","side":"buy","price":44.73,"size":4.759762864832784,"type":"limit"}},{"opId":47,"ts":1751351925727,"op":"l","o":{"id":"MOCK-BID-PLTR-7-1751351925726","side":"buy","price":44.685,"size":2.9548204749204934,"type":"limit"}},{"opId":48,"ts":1751351925728,"op":"l","o":{"id":"MOCK-BID-PLTR-8-1751351925728","side":"buy","price":44.64,"size":2.6568866691118296,"type":"limit"}},{"opId":49,"ts":1751351925729,"op":"l","o":{"id":"MOCK-BID-PLTR-9-1751351925729","side":"buy","price":44.595,"size":3.066473417191553,"type":"limit"}},{"opId":50,"ts":1751351925730,"op":"l","o":{"id":"MOCK-BID-PLTR-10-1751351925730","side":"buy","price":44.55,"size":3.2373606381543776,"type":"limit"}},{"opId":51,"ts":1751351925732,"op":"l","o":{"id":"MOCK-ASK-PLTR-1-1751351925732","side":"sell","price":45.045,"size":2.287192646631834,"type":"limit"}},{"opId":52,"ts":1751351925733,"op":"l","o":{"id":"MOCK-ASK-PLTR-2-1751351925733","side":"sell","price":45.09,"size":4.5268460152495305,"type":"limit"}},{"opId":53,"ts":1751351925738,"op":"l","o":{"id":"MOCK-ASK-PLTR-3-1751351925737","side":"sell","price":45.135,"size":2.0711893277504676,"type":"limit"}},{"opId":54,"ts":1751351925739,"op":"l","o":{"id":"MOCK-ASK-PLTR-4-1751351925739","side":"sell","price":45.18,"size":4.042955321782127,"type":"limit"}},{"opId":55,"ts":1751351925740,"op":"l","o":{"id":"MOCK-ASK-PLTR-5-1751351925740","side":"sell","price":45.225,"size":0.9499488386767573,"type":"limit"}},{"opId":56,"ts":1751351925741,"op":"l","o":{"id":"MOCK-ASK-PLTR-6-1751351925741","side":"sell","price":45.27,"size":3.489002270717334,"type":"limit"}},{"opId":57,"ts":1751351925743,"op":"l","o":{"id":"MOCK-ASK-PLTR-7-1751351925742","side":"sell","price":45.315,"size":3.913530963969434,"type":"limit"}},{"opId":58,"ts":1751351925744,"op":"l","o":{"id":"MOCK-ASK-PLTR-8-1751351925744","side":"sell","price":45.36,"size":1.8544211239814856,"type":"limit"}},{"opId":59,"ts":1751351925745,"op":"l","o":{"id":"MOCK-ASK-PLTR-9-1751351925745","side":"sell","price":45.405,"size":1.9883430823696402,"type":"limit"}},{"opId":60,"ts":1751351925747,"op":"l","o":{"id":"MOCK-ASK-PLTR-10-1751351925747","side":"sell","price":45.45,"size":3.611404122017373,"type":"limit"}},{"opId":61,"ts":1751352295745,"op":"l","o":{"id":"MOCK-BID-PLTR-1-1751352295745","side":"buy","price":44.955,"size":4.809030631863498,"type":"limit"}},{"opId":62,"ts":1751352295747,"op":"l","o":{"id":"MOCK-BID-PLTR-2-1751352295746","side":"buy","price":44.91,"size":2.19676655322254,"type":"limit"}},{"opId":63,"ts":1751352295748,"op":"l","o":{"id":"MOCK-BID-PLTR-3-1751352295748","side":"buy","price":44.865,"size":0.9002231705942897,"type":"limit"}},{"opId":64,"ts":1751352295753,"op":"l","o":{"id":"MOCK-BID-PLTR-4-1751352295752","side":"buy","price":44.82,"size":4.5881323874225695,"type":"limit"}},{"opId":65,"ts":1751352295757,"op":"l","o":{"id":"MOCK-BID-PLTR-5-1751352295757","side":"buy","price":44.775,"size":3.053274459643759,"type":"limit"}},{"opId":66,"ts":1751352295762,"op":"l","o":{"id":"MOCK-BID-PLTR-6-1751352295761","side":"buy","price":44.73,"size":3.0868959869975043,"type":"limit"}},{"opId":67,"ts":1751352295764,"op":"l","o":{"id":"MOCK-BID-PLTR-7-1751352295764","side":"buy","price":44.685,"size":4.152910656561975,"type":"limit"}},{"opId":68,"ts":1751352295768,"op":"l","o":{"id":"MOCK-BID-PLTR-8-1751352295768","side":"buy","price":44.64,"size":2.525605755700726,"type":"limit"}},{"opId":69,"ts":1751352295770,"op":"l","o":{"id":"MOCK-BID-PLTR-9-1751352295770","side":"buy","price":44.595,"size":2.746411184232224,"type":"limit"}},{"opId":70,"ts":1751352295772,"op":"l","o":{"id":"MOCK-BID-PLTR-10-1751352295772","side":"buy","price":44.55,"size":1.8381624218421966,"type":"limit"}},{"opId":71,"ts":1751352295774,"op":"l","o":{"id":"MOCK-ASK-PLTR-1-1751352295774","side":"sell","price":45.045,"size":5.05496698233789,"type":"limit"}},{"opId":72,"ts":1751352295775,"op":"l","o":{"id":"MOCK-ASK-PLTR-2-1751352295775","side":"sell","price":45.09,"size":4.355506686589405,"type":"limit"}},{"opId":73,"ts":1751352295777,"op":"l","o":{"id":"MOCK-ASK-PLTR-3-1751352295777","side":"sell","price":45.135,"size":3.128377144054341,"type":"limit"}},{"opId":74,"ts":1751352295778,"op":"l","o":{"id":"MOCK-ASK-PLTR-4-1751352295778","side":"sell","price":45.18,"size":0.7905039439788418,"type":"limit"}},{"opId":75,"ts":1751352295780,"op":"l","o":{"id":"MOCK-ASK-PLTR-5-1751352295780","side":"sell","price":45.225,"size":2.2020840573252367,"type":"limit"}},{"opId":76,"ts":1751352295781,"op":"l","o":{"id":"MOCK-ASK-PLTR-6-1751352295781","side":"sell","price":45.27,"size":1.4568115548955396,"type":"limit"}},{"opId":77,"ts":1751352295783,"op":"l","o":{"id":"MOCK-ASK-PLTR-7-1751352295783","side":"sell","price":45.315,"size":4.752975650706254,"type":"limit"}},{"opId":78,"ts":1751352295785,"op":"l","o":{"id":"MOCK-ASK-PLTR-8-1751352295785","side":"sell","price":45.36,"size":0.8099613899000123,"type":"limit"}},{"opId":79,"ts":1751352295789,"op":"l","o":{"id":"MOCK-ASK-PLTR-9-1751352295788","side":"sell","price":45.405,"size":2.3651223689529166,"type":"limit"}},{"opId":80,"ts":1751352295792,"op":"l","o":{"id":"MOCK-ASK-PLTR-10-1751352295792","side":"sell","price":45.45,"size":3.9942733797363084,"type":"limit"}},{"opId":81,"ts":1751354317191,"op":"l","o":{"id":"MOCK-BID-PLTR-1-1751354317191","side":"buy","price":44.955,"size":4.184873943145926,"type":"limit"}},{"opId":82,"ts":1751354317194,"op":"l","o":{"id":"MOCK-BID-PLTR-2-1751354317193","side":"buy","price":44.91,"size":0.13118387265498624,"type":"limit"}},{"opId":83,"ts":1751354317196,"op":"l","o":{"id":"MOCK-BID-PLTR-3-1751354317196","side":"buy","price":44.865,"size":3.7370756722539444,"type":"limit"}},{"opId":84,"ts":1751354317203,"op":"l","o":{"id":"MOCK-BID-PLTR-4-1751354317203","side":"buy","price":44.82,"size":2.7775164593138704,"type":"limit"}},{"opId":85,"ts":1751354317207,"op":"l","o":{"id":"MOCK-BID-PLTR-5-1751354317206","side":"buy","price":44.775,"size":4.357839268840328,"type":"limit"}},{"opId":86,"ts":1751354317209,"op":"l","o":{"id":"MOCK-BID-PLTR-6-1751354317209","side":"buy","price":44.73,"size":2.7187997055597957,"type":"limit"}},{"opId":87,"ts":1751354317212,"op":"l","o":{"id":"MOCK-BID-PLTR-7-1751354317211","side":"buy","price":44.685,"size":3.742089307366007,"type":"limit"}},{"opId":88,"ts":1751354317215,"op":"l","o":{"id":"MOCK-BID-PLTR-8-1751354317215","side":"buy","price":44.64,"size":3.275824654667965,"type":"limit"}},{"opId":89,"ts":1751354317220,"op":"l","o":{"id":"MOCK-BID-PLTR-9-1751354317220","side":"buy","price":44.595,"size":3.0777994765497927,"type":"limit"}},{"opId":90,"ts":1751354317224,"op":"l","o":{"id":"MOCK-BID-PLTR-10-1751354317224","side":"buy","price":44.55,"size":3.695928258584081,"type":"limit"}},{"opId":91,"ts":1751354317227,"op":"l","o":{"id":"MOCK-ASK-PLTR-1-1751354317227","side":"sell","price":45.045,"size":4.600912889128498,"type":"limit"}},{"opId":92,"ts":1751354317230,"op":"l","o":{"id":"MOCK-ASK-PLTR-2-1751354317230","side":"sell","price":45.09,"size":1.9366378555203334,"type":"limit"}},{"opId":93,"ts":1751354317235,"op":"l","o":{"id":"MOCK-ASK-PLTR-3-1751354317235","side":"sell","price":45.135,"size":1.9031644172993,"type":"limit"}},{"opId":94,"ts":1751354317238,"op":"l","o":{"id":"MOCK-ASK-PLTR-4-1751354317238","side":"sell","price":45.18,"size":1.1608388205207787,"type":"limit"}},{"opId":95,"ts":1751354317241,"op":"l","o":{"id":"MOCK-ASK-PLTR-5-1751354317241","side":"sell","price":45.225,"size":4.2614834942777104,"type":"limit"}},{"opId":96,"ts":1751354317243,"op":"l","o":{"id":"MOCK-ASK-PLTR-6-1751354317243","side":"sell","price":45.27,"size":0.8216476083290157,"type":"limit"}},{"opId":97,"ts":1751354317245,"op":"l","o":{"id":"MOCK-ASK-PLTR-7-1751354317245","side":"sell","price":45.315,"size":4.180938177816842,"type":"limit"}},{"opId":98,"ts":1751354317248,"op":"l","o":{"id":"MOCK-ASK-PLTR-8-1751354317248","side":"sell","price":45.36,"size":2.3112938882929335,"type":"limit"}},{"opId":99,"ts":1751354317253,"op":"l","o":{"id":"MOCK-ASK-PLTR-9-1751354317252","side":"sell","price":45.405,"size":1.1222092772931502,"type":"limit"}},{"opId":100,"ts":1751354317256,"op":"l","o":{"id":"MOCK-ASK-PLTR-10-1751354317256","side":"sell","price":45.45,"size":2.567441100639537,"type":"limit"}}]