[{"opId":1,"ts":1751256930817,"op":"l","o":{"id":"MOCK-BID-UBER-1-1751256930817","side":"buy","price":84.915,"size":4.233271649815391,"type":"limit"}},{"opId":2,"ts":1751256930818,"op":"l","o":{"id":"MOCK-BID-UBER-2-1751256930818","side":"buy","price":84.83,"size":3.2574505841628554,"type":"limit"}},{"opId":3,"ts":1751256930820,"op":"l","o":{"id":"MOCK-BID-UBER-3-1751256930820","side":"buy","price":84.745,"size":2.501838919173096,"type":"limit"}},{"opId":4,"ts":1751256930821,"op":"l","o":{"id":"MOCK-BID-UBER-4-1751256930821","side":"buy","price":84.66,"size":4.179574969506141,"type":"limit"}},{"opId":5,"ts":1751256930823,"op":"l","o":{"id":"MOCK-BID-UBER-5-1751256930823","side":"buy","price":84.575,"size":2.8286184615737375,"type":"limit"}},{"opId":6,"ts":1751256930824,"op":"l","o":{"id":"MOCK-BID-UBER-6-1751256930824","side":"buy","price":84.49,"size":2.296229796618481,"type":"limit"}},{"opId":7,"ts":1751256930826,"op":"l","o":{"id":"MOCK-BID-UBER-7-1751256930826","side":"buy","price":84.405,"size":4.95915065524075,"type":"limit"}},{"opId":8,"ts":1751256930827,"op":"l","o":{"id":"MOCK-BID-UBER-8-1751256930827","side":"buy","price":84.32,"size":0.4358081577831129,"type":"limit"}},{"opId":9,"ts":1751256930829,"op":"l","o":{"id":"MOCK-BID-UBER-9-1751256930829","side":"buy","price":84.235,"size":3.8580008282472336,"type":"limit"}},{"opId":10,"ts":1751256930830,"op":"l","o":{"id":"MOCK-BID-UBER-10-1751256930830","side":"buy","price":84.15,"size":0.4888945344115224,"type":"limit"}},{"opId":11,"ts":1751256930831,"op":"l","o":{"id":"MOCK-ASK-UBER-1-1751256930831","side":"sell","price":85.085,"size":2.447381514687159,"type":"limit"}},{"opId":12,"ts":1751256930833,"op":"l","o":{"id":"MOCK-ASK-UBER-2-1751256930833","side":"sell","price":85.17,"size":0.693232190234465,"type":"limit"}},{"opId":13,"ts":1751256930834,"op":"l","o":{"id":"MOCK-ASK-UBER-3-1751256930834","side":"sell","price":85.255,"size":4.2765390048981695,"type":"limit"}},{"opId":14,"ts":1751256930835,"op":"l","o":{"id":"MOCK-ASK-UBER-4-1751256930835","side":"sell","price":85.34,"size":4.595479570781673,"type":"limit"}},{"opId":15,"ts":1751256930837,"op":"l","o":{"id":"MOCK-ASK-UBER-5-1751256930837","side":"sell","price":85.425,"size":3.2815883915278623,"type":"limit"}},{"opId":16,"ts":1751256930838,"op":"l","o":{"id":"MOCK-ASK-UBER-6-1751256930838","side":"sell","price":85.51,"size":2.617385343502835,"type":"limit"}},{"opId":17,"ts":1751256930839,"op":"l","o":{"id":"MOCK-ASK-UBER-7-1751256930839","side":"sell","price":85.595,"size":2.6045011244631175,"type":"limit"}},{"opId":18,"ts":1751256930841,"op":"l","o":{"id":"MOCK-ASK-UBER-8-1751256930841","side":"sell","price":85.68,"size":3.1183378474688173,"type":"limit"}},{"opId":19,"ts":1751256930842,"op":"l","o":{"id":"MOCK-ASK-UBER-9-1751256930842","side":"sell","price":85.765,"size":2.8670029343487857,"type":"limit"}},{"opId":20,"ts":1751256930844,"op":"l","o":{"id":"MOCK-ASK-UBER-10-1751256930844","side":"sell","price":85.85,"size":2.6289115830004683,"type":"limit"}},{"opId":21,"ts":1751350792087,"op":"l","o":{"id":"MOCK-BID-UBER-1-1751350792087","side":"buy","price":84.915,"size":2.232602175409495,"type":"limit"}},{"opId":22,"ts":1751350792089,"op":"l","o":{"id":"MOCK-BID-UBER-2-1751350792088","side":"buy","price":84.83,"size":0.8218117572691029,"type":"limit"}},{"opId":23,"ts":1751350792093,"op":"l","o":{"id":"MOCK-BID-UBER-3-1751350792092","side":"buy","price":84.745,"size":2.113740648674073,"type":"limit"}},{"opId":24,"ts":1751350792094,"op":"l","o":{"id":"MOCK-BID-UBER-4-1751350792094","side":"buy","price":84.66,"size":3.5579354219530255,"type":"limit"}},{"opId":25,"ts":1751350792097,"op":"l","o":{"id":"MOCK-BID-UBER-5-1751350792097","side":"buy","price":84.575,"size":1.8238244747904298,"type":"limit"}},{"opId":26,"ts":1751350792097,"op":"l","o":{"id":"MOCK-BID-UBER-6-1751350792097","side":"buy","price":84.49,"size":1.4747630621437091,"type":"limit"}},{"opId":27,"ts":1751350792098,"op":"l","o":{"id":"MOCK-BID-UBER-7-1751350792098","side":"buy","price":84.405,"size":1.0718258303489725,"type":"limit"}},{"opId":28,"ts":1751350792099,"op":"l","o":{"id":"MOCK-BID-UBER-8-1751350792099","side":"buy","price":84.32,"size":0.9936383444552975,"type":"limit"}},{"opId":29,"ts":1751350792100,"op":"l","o":{"id":"MOCK-BID-UBER-9-1751350792100","side":"buy","price":84.235,"size":1.9058802198261637,"type":"limit"}},{"opId":30,"ts":1751350792102,"op":"l","o":{"id":"MOCK-BID-UBER-10-1751350792102","side":"buy","price":84.15,"size":3.0259591653684392,"type":"limit"}},{"opId":31,"ts":1751350792103,"op":"l","o":{"id":"MOCK-ASK-UBER-1-1751350792103","side":"sell","price":85.085,"size":3.158221538503471,"type":"limit"}},{"opId":32,"ts":1751350792107,"op":"l","o":{"id":"MOCK-ASK-UBER-2-1751350792107","side":"sell","price":85.17,"size":2.1747604299851173,"type":"limit"}},{"opId":33,"ts":1751350792108,"op":"l","o":{"id":"MOCK-ASK-UBER-3-1751350792108","side":"sell","price":85.255,"size":3.123312940255422,"type":"limit"}},{"opId":34,"ts":1751350792109,"op":"l","o":{"id":"MOCK-ASK-UBER-4-1751350792109","side":"sell","price":85.34,"size":0.41826965680471273,"type":"limit"}},{"opId":35,"ts":1751350792110,"op":"l","o":{"id":"MOCK-ASK-UBER-5-1751350792110","side":"sell","price":85.425,"size":4.4457748461515045,"type":"limit"}},{"opId":36,"ts":1751350792113,"op":"l","o":{"id":"MOCK-ASK-UBER-6-1751350792113","side":"sell","price":85.51,"size":0.2865844597938948,"type":"limit"}},{"opId":37,"ts":1751350792115,"op":"l","o":{"id":"MOCK-ASK-UBER-7-1751350792115","side":"sell","price":85.595,"size":4.850101650657075,"type":"limit"}},{"opId":38,"ts":1751350792119,"op":"l","o":{"id":"MOCK-ASK-UBER-8-1751350792119","side":"sell","price":85.68,"size":1.7055343499228037,"type":"limit"}},{"opId":39,"ts":1751350792120,"op":"l","o":{"id":"MOCK-ASK-UBER-9-1751350792120","side":"sell","price":85.765,"size":3.4976638618791656,"type":"limit"}},{"opId":40,"ts":1751350792121,"op":"l","o":{"id":"MOCK-ASK-UBER-10-1751350792120","side":"sell","price":85.85,"size":0.8314585770923254,"type":"limit"}},{"opId":41,"ts":1751351925788,"op":"l","o":{"id":"MOCK-BID-UBER-1-1751351925787","side":"buy","price":84.915,"size":0.4044919589770034,"type":"limit"}},{"opId":42,"ts":1751351925793,"op":"l","o":{"id":"MOCK-BID-UBER-2-1751351925793","side":"buy","price":84.83,"size":3.641305441150139,"type":"limit"}},{"opId":43,"ts":1751351925795,"op":"l","o":{"id":"MOCK-BID-UBER-3-1751351925794","side":"buy","price":84.745,"size":1.081266817492652,"type":"limit"}},{"opId":44,"ts":1751351925796,"op":"l","o":{"id":"MOCK-BID-UBER-4-1751351925796","side":"buy","price":84.66,"size":1.5821820253400531,"type":"limit"}},{"opId":45,"ts":1751351925797,"op":"l","o":{"id":"MOCK-BID-UBER-5-1751351925797","side":"buy","price":84.575,"size":5.0981090571408325,"type":"limit"}},{"opId":46,"ts":1751351925799,"op":"l","o":{"id":"MOCK-BID-UBER-6-1751351925799","side":"buy","price":84.49,"size":0.17955115309065453,"type":"limit"}},{"opId":47,"ts":1751351925801,"op":"l","o":{"id":"MOCK-BID-UBER-7-1751351925801","side":"buy","price":84.405,"size":2.7957675487215283,"type":"limit"}},{"opId":48,"ts":1751351925806,"op":"l","o":{"id":"MOCK-BID-UBER-8-1751351925805","side":"buy","price":84.32,"size":3.590849874617823,"type":"limit"}},{"opId":49,"ts":1751351925807,"op":"l","o":{"id":"MOCK-BID-UBER-9-1751351925807","side":"buy","price":84.235,"size":4.7927611738861495,"type":"limit"}},{"opId":50,"ts":1751351925809,"op":"l","o":{"id":"MOCK-BID-UBER-10-1751351925809","side":"buy","price":84.15,"size":4.892498181629261,"type":"limit"}},{"opId":51,"ts":1751351925810,"op":"l","o":{"id":"MOCK-ASK-UBER-1-1751351925810","side":"sell","price":85.085,"size":5.020268055995068,"type":"limit"}},{"opId":52,"ts":1751351925811,"op":"l","o":{"id":"MOCK-ASK-UBER-2-1751351925811","side":"sell","price":85.17,"size":0.5651821250075671,"type":"limit"}},{"opId":53,"ts":1751351925813,"op":"l","o":{"id":"MOCK-ASK-UBER-3-1751351925813","side":"sell","price":85.255,"size":0.7011187727323697,"type":"limit"}},{"opId":54,"ts":1751351925814,"op":"l","o":{"id":"MOCK-ASK-UBER-4-1751351925814","side":"sell","price":85.34,"size":2.869850205579314,"type":"limit"}},{"opId":55,"ts":1751351925816,"op":"l","o":{"id":"MOCK-ASK-UBER-5-1751351925815","side":"sell","price":85.425,"size":1.137969976192984,"type":"limit"}},{"opId":56,"ts":1751351925817,"op":"l","o":{"id":"MOCK-ASK-UBER-6-1751351925817","side":"sell","price":85.51,"size":4.010791540545262,"type":"limit"}},{"opId":57,"ts":1751351925821,"op":"l","o":{"id":"MOCK-ASK-UBER-7-1751351925821","side":"sell","price":85.595,"size":2.473220037237477,"type":"limit"}},{"opId":58,"ts":1751351925823,"op":"l","o":{"id":"MOCK-ASK-UBER-8-1751351925823","side":"sell","price":85.68,"size":1.6630929957694274,"type":"limit"}},{"opId":59,"ts":1751351925824,"op":"l","o":{"id":"MOCK-ASK-UBER-9-1751351925824","side":"sell","price":85.765,"size":2.95771652085932,"type":"limit"}},{"opId":60,"ts":1751351925826,"op":"l","o":{"id":"MOCK-ASK-UBER-10-1751351925826","side":"sell","price":85.85,"size":1.0643619954940287,"type":"limit"}},{"opId":61,"ts":1751352295848,"op":"l","o":{"id":"MOCK-BID-UBER-1-1751352295848","side":"buy","price":84.915,"size":2.4574044999167053,"type":"limit"}},{"opId":62,"ts":1751352295850,"op":"l","o":{"id":"MOCK-BID-UBER-2-1751352295850","side":"buy","price":84.83,"size":4.781302836917874,"type":"limit"}},{"opId":63,"ts":1751352295852,"op":"l","o":{"id":"MOCK-BID-UBER-3-1751352295852","side":"buy","price":84.745,"size":2.698382276682496,"type":"limit"}},{"opId":64,"ts":1751352295853,"op":"l","o":{"id":"MOCK-BID-UBER-4-1751352295853","side":"buy","price":84.66,"size":0.6373289835331873,"type":"limit"}},{"opId":65,"ts":1751352295855,"op":"l","o":{"id":"MOCK-BID-UBER-5-1751352295855","side":"buy","price":84.575,"size":2.935440672130133,"type":"limit"}},{"opId":66,"ts":1751352295862,"op":"l","o":{"id":"MOCK-BID-UBER-6-1751352295862","side":"buy","price":84.49,"size":2.309372510412581,"type":"limit"}},{"opId":67,"ts":1751352295866,"op":"l","o":{"id":"MOCK-BID-UBER-7-1751352295866","side":"buy","price":84.405,"size":3.6076620142154723,"type":"limit"}},{"opId":68,"ts":1751352295875,"op":"l","o":{"id":"MOCK-BID-UBER-8-1751352295875","side":"buy","price":84.32,"size":1.395976938743565,"type":"limit"}},{"opId":69,"ts":1751352295877,"op":"l","o":{"id":"MOCK-BID-UBER-9-1751352295877","side":"buy","price":84.235,"size":2.1423296684407567,"type":"limit"}},{"opId":70,"ts":1751352295879,"op":"l","o":{"id":"MOCK-BID-UBER-10-1751352295879","side":"buy","price":84.15,"size":0.9972710539385975,"type":"limit"}},{"opId":71,"ts":1751352295881,"op":"l","o":{"id":"MOCK-ASK-UBER-1-1751352295881","side":"sell","price":85.085,"size":3.1234818898024765,"type":"limit"}},{"opId":72,"ts":1751352295891,"op":"l","o":{"id":"MOCK-ASK-UBER-2-1751352295891","side":"sell","price":85.17,"size":1.318878350533469,"type":"limit"}},{"opId":73,"ts":1751352295894,"op":"l","o":{"id":"MOCK-ASK-UBER-3-1751352295894","side":"sell","price":85.255,"size":0.1670281979152676,"type":"limit"}},{"opId":74,"ts":1751352295895,"op":"l","o":{"id":"MOCK-ASK-UBER-4-1751352295895","side":"sell","price":85.34,"size":0.1090081930155117,"type":"limit"}},{"opId":75,"ts":1751352295897,"op":"l","o":{"id":"MOCK-ASK-UBER-5-1751352295897","side":"sell","price":85.425,"size":4.1848200447733195,"type":"limit"}},{"opId":76,"ts":1751352295900,"op":"l","o":{"id":"MOCK-ASK-UBER-6-1751352295899","side":"sell","price":85.51,"size":0.16330062270787363,"type":"limit"}},{"opId":77,"ts":1751352295905,"op":"l","o":{"id":"MOCK-ASK-UBER-7-1751352295904","side":"sell","price":85.595,"size":0.9454865061560557,"type":"limit"}},{"opId":78,"ts":1751352295908,"op":"l","o":{"id":"MOCK-ASK-UBER-8-1751352295908","side":"sell","price":85.68,"size":3.0717497162619467,"type":"limit"}},{"opId":79,"ts":1751352295910,"op":"l","o":{"id":"MOCK-ASK-UBER-9-1751352295910","side":"sell","price":85.765,"size":3.6741204152899907,"type":"limit"}},{"opId":80,"ts":1751352295911,"op":"l","o":{"id":"MOCK-ASK-UBER-10-1751352295911","side":"sell","price":85.85,"size":0.1799102587787981,"type":"limit"}},{"opId":81,"ts":1751354317340,"op":"l","o":{"id":"MOCK-BID-UBER-1-1751354317340","side":"buy","price":84.915,"size":0.31627370953910094,"type":"limit"}},{"opId":82,"ts":1751354317342,"op":"l","o":{"id":"MOCK-BID-UBER-2-1751354317342","side":"buy","price":84.83,"size":1.7908908655384903,"type":"limit"}},{"opId":83,"ts":1751354317345,"op":"l","o":{"id":"MOCK-BID-UBER-3-1751354317345","side":"buy","price":84.745,"size":2.975903134111054,"type":"limit"}},{"opId":84,"ts":1751354317347,"op":"l","o":{"id":"MOCK-BID-UBER-4-1751354317347","side":"buy","price":84.66,"size":4.590080550984366,"type":"limit"}},{"opId":85,"ts":1751354317350,"op":"l","o":{"id":"MOCK-BID-UBER-5-1751354317350","side":"buy","price":84.575,"size":0.4261896372009065,"type":"limit"}},{"opId":86,"ts":1751354317352,"op":"l","o":{"id":"MOCK-BID-UBER-6-1751354317352","side":"buy","price":84.49,"size":4.614368815487515,"type":"limit"}},{"opId":87,"ts":1751354317355,"op":"l","o":{"id":"MOCK-BID-UBER-7-1751354317355","side":"buy","price":84.405,"size":3.7886824930652128,"type":"limit"}},{"opId":88,"ts":1751354317357,"op":"l","o":{"id":"MOCK-BID-UBER-8-1751354317357","side":"buy","price":84.32,"size":3.283432801190469,"type":"limit"}},{"opId":89,"ts":1751354317360,"op":"l","o":{"id":"MOCK-BID-UBER-9-1751354317360","side":"buy","price":84.235,"size":0.7040430087608806,"type":"limit"}},{"opId":90,"ts":1751354317363,"op":"l","o":{"id":"MOCK-BID-UBER-10-1751354317363","side":"buy","price":84.15,"size":3.513464470832958,"type":"limit"}},{"opId":91,"ts":1751354317366,"op":"l","o":{"id":"MOCK-ASK-UBER-1-1751354317366","side":"sell","price":85.085,"size":2.3357790226051436,"type":"limit"}},{"opId":92,"ts":1751354317368,"op":"l","o":{"id":"MOCK-ASK-UBER-2-1751354317368","side":"sell","price":85.17,"size":3.2622782287448495,"type":"limit"}},{"opId":93,"ts":1751354317370,"op":"l","o":{"id":"MOCK-ASK-UBER-3-1751354317370","side":"sell","price":85.255,"size":4.433092603579249,"type":"limit"}},{"opId":94,"ts":1751354317372,"op":"l","o":{"id":"MOCK-ASK-UBER-4-1751354317372","side":"sell","price":85.34,"size":3.774657196010119,"type":"limit"}},{"opId":95,"ts":1751354317374,"op":"l","o":{"id":"MOCK-ASK-UBER-5-1751354317374","side":"sell","price":85.425,"size":3.9255313833445835,"type":"limit"}},{"opId":96,"ts":1751354317377,"op":"l","o":{"id":"MOCK-ASK-UBER-6-1751354317377","side":"sell","price":85.51,"size":2.4601985144870597,"type":"limit"}},{"opId":97,"ts":1751354317380,"op":"l","o":{"id":"MOCK-ASK-UBER-7-1751354317380","side":"sell","price":85.595,"size":4.114063753537805,"type":"limit"}},{"opId":98,"ts":1751354317385,"op":"l","o":{"id":"MOCK-ASK-UBER-8-1751354317385","side":"sell","price":85.68,"size":0.41871238028135405,"type":"limit"}},{"opId":99,"ts":1751354317390,"op":"l","o":{"id":"MOCK-ASK-UBER-9-1751354317390","side":"sell","price":85.765,"size":0.2950423888804975,"type":"limit"}},{"opId":100,"ts":1751354317392,"op":"l","o":{"id":"MOCK-ASK-UBER-10-1751354317392","side":"sell","price":85.85,"size":2.075140265545675,"type":"limit"}}]