[{"opId":1,"ts":1751256930817,"op":"l","o":{"id":"MOCK-BID-UBER-1-1751256930817","side":"buy","price":84.915,"size":4.233271649815391,"type":"limit"}},{"opId":2,"ts":1751256930818,"op":"l","o":{"id":"MOCK-BID-UBER-2-1751256930818","side":"buy","price":84.83,"size":3.2574505841628554,"type":"limit"}},{"opId":3,"ts":1751256930820,"op":"l","o":{"id":"MOCK-BID-UBER-3-1751256930820","side":"buy","price":84.745,"size":2.501838919173096,"type":"limit"}},{"opId":4,"ts":1751256930821,"op":"l","o":{"id":"MOCK-BID-UBER-4-1751256930821","side":"buy","price":84.66,"size":4.179574969506141,"type":"limit"}},{"opId":5,"ts":1751256930823,"op":"l","o":{"id":"MOCK-BID-UBER-5-1751256930823","side":"buy","price":84.575,"size":2.8286184615737375,"type":"limit"}},{"opId":6,"ts":1751256930824,"op":"l","o":{"id":"MOCK-BID-UBER-6-1751256930824","side":"buy","price":84.49,"size":2.296229796618481,"type":"limit"}},{"opId":7,"ts":1751256930826,"op":"l","o":{"id":"MOCK-BID-UBER-7-1751256930826","side":"buy","price":84.405,"size":4.95915065524075,"type":"limit"}},{"opId":8,"ts":1751256930827,"op":"l","o":{"id":"MOCK-BID-UBER-8-1751256930827","side":"buy","price":84.32,"size":0.4358081577831129,"type":"limit"}},{"opId":9,"ts":1751256930829,"op":"l","o":{"id":"MOCK-BID-UBER-9-1751256930829","side":"buy","price":84.235,"size":3.8580008282472336,"type":"limit"}},{"opId":10,"ts":1751256930830,"op":"l","o":{"id":"MOCK-BID-UBER-10-1751256930830","side":"buy","price":84.15,"size":0.4888945344115224,"type":"limit"}},{"opId":11,"ts":1751256930831,"op":"l","o":{"id":"MOCK-ASK-UBER-1-1751256930831","side":"sell","price":85.085,"size":2.447381514687159,"type":"limit"}},{"opId":12,"ts":1751256930833,"op":"l","o":{"id":"MOCK-ASK-UBER-2-1751256930833","side":"sell","price":85.17,"size":0.693232190234465,"type":"limit"}},{"opId":13,"ts":1751256930834,"op":"l","o":{"id":"MOCK-ASK-UBER-3-1751256930834","side":"sell","price":85.255,"size":4.2765390048981695,"type":"limit"}},{"opId":14,"ts":1751256930835,"op":"l","o":{"id":"MOCK-ASK-UBER-4-1751256930835","side":"sell","price":85.34,"size":4.595479570781673,"type":"limit"}},{"opId":15,"ts":1751256930837,"op":"l","o":{"id":"MOCK-ASK-UBER-5-1751256930837","side":"sell","price":85.425,"size":3.2815883915278623,"type":"limit"}},{"opId":16,"ts":1751256930838,"op":"l","o":{"id":"MOCK-ASK-UBER-6-1751256930838","side":"sell","price":85.51,"size":2.617385343502835,"type":"limit"}},{"opId":17,"ts":1751256930839,"op":"l","o":{"id":"MOCK-ASK-UBER-7-1751256930839","side":"sell","price":85.595,"size":2.6045011244631175,"type":"limit"}},{"opId":18,"ts":1751256930841,"op":"l","o":{"id":"MOCK-ASK-UBER-8-1751256930841","side":"sell","price":85.68,"size":3.1183378474688173,"type":"limit"}},{"opId":19,"ts":1751256930842,"op":"l","o":{"id":"MOCK-ASK-UBER-9-1751256930842","side":"sell","price":85.765,"size":2.8670029343487857,"type":"limit"}},{"opId":20,"ts":1751256930844,"op":"l","o":{"id":"MOCK-ASK-UBER-10-1751256930844","side":"sell","price":85.85,"size":2.6289115830004683,"type":"limit"}},{"opId":21,"ts":1751350792087,"op":"l","o":{"id":"MOCK-BID-UBER-1-1751350792087","side":"buy","price":84.915,"size":2.232602175409495,"type":"limit"}},{"opId":22,"ts":1751350792089,"op":"l","o":{"id":"MOCK-BID-UBER-2-1751350792088","side":"buy","price":84.83,"size":0.8218117572691029,"type":"limit"}},{"opId":23,"ts":1751350792093,"op":"l","o":{"id":"MOCK-BID-UBER-3-1751350792092","side":"buy","price":84.745,"size":2.113740648674073,"type":"limit"}},{"opId":24,"ts":1751350792094,"op":"l","o":{"id":"MOCK-BID-UBER-4-1751350792094","side":"buy","price":84.66,"size":3.5579354219530255,"type":"limit"}},{"opId":25,"ts":1751350792097,"op":"l","o":{"id":"MOCK-BID-UBER-5-1751350792097","side":"buy","price":84.575,"size":1.8238244747904298,"type":"limit"}},{"opId":26,"ts":1751350792097,"op":"l","o":{"id":"MOCK-BID-UBER-6-1751350792097","side":"buy","price":84.49,"size":1.4747630621437091,"type":"limit"}},{"opId":27,"ts":1751350792098,"op":"l","o":{"id":"MOCK-BID-UBER-7-1751350792098","side":"buy","price":84.405,"size":1.0718258303489725,"type":"limit"}},{"opId":28,"ts":1751350792099,"op":"l","o":{"id":"MOCK-BID-UBER-8-1751350792099","side":"buy","price":84.32,"size":0.9936383444552975,"type":"limit"}},{"opId":29,"ts":1751350792100,"op":"l","o":{"id":"MOCK-BID-UBER-9-1751350792100","side":"buy","price":84.235,"size":1.9058802198261637,"type":"limit"}},{"opId":30,"ts":1751350792102,"op":"l","o":{"id":"MOCK-BID-UBER-10-1751350792102","side":"buy","price":84.15,"size":3.0259591653684392,"type":"limit"}},{"opId":31,"ts":1751350792103,"op":"l","o":{"id":"MOCK-ASK-UBER-1-1751350792103","side":"sell","price":85.085,"size":3.158221538503471,"type":"limit"}},{"opId":32,"ts":1751350792107,"op":"l","o":{"id":"MOCK-ASK-UBER-2-1751350792107","side":"sell","price":85.17,"size":2.1747604299851173,"type":"limit"}},{"opId":33,"ts":1751350792108,"op":"l","o":{"id":"MOCK-ASK-UBER-3-1751350792108","side":"sell","price":85.255,"size":3.123312940255422,"type":"limit"}},{"opId":34,"ts":1751350792109,"op":"l","o":{"id":"MOCK-ASK-UBER-4-1751350792109","side":"sell","price":85.34,"size":0.41826965680471273,"type":"limit"}},{"opId":35,"ts":1751350792110,"op":"l","o":{"id":"MOCK-ASK-UBER-5-1751350792110","side":"sell","price":85.425,"size":4.4457748461515045,"type":"limit"}},{"opId":36,"ts":1751350792113,"op":"l","o":{"id":"MOCK-ASK-UBER-6-1751350792113","side":"sell","price":85.51,"size":0.2865844597938948,"type":"limit"}},{"opId":37,"ts":1751350792115,"op":"l","o":{"id":"MOCK-ASK-UBER-7-1751350792115","side":"sell","price":85.595,"size":4.850101650657075,"type":"limit"}},{"opId":38,"ts":1751350792119,"op":"l","o":{"id":"MOCK-ASK-UBER-8-1751350792119","side":"sell","price":85.68,"size":1.7055343499228037,"type":"limit"}},{"opId":39,"ts":1751350792120,"op":"l","o":{"id":"MOCK-ASK-UBER-9-1751350792120","side":"sell","price":85.765,"size":3.4976638618791656,"type":"limit"}},{"opId":40,"ts":1751350792121,"op":"l","o":{"id":"MOCK-ASK-UBER-10-1751350792120","side":"sell","price":85.85,"size":0.8314585770923254,"type":"limit"}},{"opId":41,"ts":1751351925788,"op":"l","o":{"id":"MOCK-BID-UBER-1-1751351925787","side":"buy","price":84.915,"size":0.4044919589770034,"type":"limit"}},{"opId":42,"ts":1751351925793,"op":"l","o":{"id":"MOCK-BID-UBER-2-1751351925793","side":"buy","price":84.83,"size":3.641305441150139,"type":"limit"}},{"opId":43,"ts":1751351925795,"op":"l","o":{"id":"MOCK-BID-UBER-3-1751351925794","side":"buy","price":84.745,"size":1.081266817492652,"type":"limit"}},{"opId":44,"ts":1751351925796,"op":"l","o":{"id":"MOCK-BID-UBER-4-1751351925796","side":"buy","price":84.66,"size":1.5821820253400531,"type":"limit"}},{"opId":45,"ts":1751351925797,"op":"l","o":{"id":"MOCK-BID-UBER-5-1751351925797","side":"buy","price":84.575,"size":5.0981090571408325,"type":"limit"}},{"opId":46,"ts":1751351925799,"op":"l","o":{"id":"MOCK-BID-UBER-6-1751351925799","side":"buy","price":84.49,"size":0.17955115309065453,"type":"limit"}},{"opId":47,"ts":1751351925801,"op":"l","o":{"id":"MOCK-BID-UBER-7-1751351925801","side":"buy","price":84.405,"size":2.7957675487215283,"type":"limit"}},{"opId":48,"ts":1751351925806,"op":"l","o":{"id":"MOCK-BID-UBER-8-1751351925805","side":"buy","price":84.32,"size":3.590849874617823,"type":"limit"}},{"opId":49,"ts":1751351925807,"op":"l","o":{"id":"MOCK-BID-UBER-9-1751351925807","side":"buy","price":84.235,"size":4.7927611738861495,"type":"limit"}},{"opId":50,"ts":1751351925809,"op":"l","o":{"id":"MOCK-BID-UBER-10-1751351925809","side":"buy","price":84.15,"size":4.892498181629261,"type":"limit"}},{"opId":51,"ts":1751351925810,"op":"l","o":{"id":"MOCK-ASK-UBER-1-1751351925810","side":"sell","price":85.085,"size":5.020268055995068,"type":"limit"}},{"opId":52,"ts":1751351925811,"op":"l","o":{"id":"MOCK-ASK-UBER-2-1751351925811","side":"sell","price":85.17,"size":0.5651821250075671,"type":"limit"}},{"opId":53,"ts":1751351925813,"op":"l","o":{"id":"MOCK-ASK-UBER-3-1751351925813","side":"sell","price":85.255,"size":0.7011187727323697,"type":"limit"}},{"opId":54,"ts":1751351925814,"op":"l","o":{"id":"MOCK-ASK-UBER-4-1751351925814","side":"sell","price":85.34,"size":2.869850205579314,"type":"limit"}},{"opId":55,"ts":1751351925816,"op":"l","o":{"id":"MOCK-ASK-UBER-5-1751351925815","side":"sell","price":85.425,"size":1.137969976192984,"type":"limit"}},{"opId":56,"ts":1751351925817,"op":"l","o":{"id":"MOCK-ASK-UBER-6-1751351925817","side":"sell","price":85.51,"size":4.010791540545262,"type":"limit"}},{"opId":57,"ts":1751351925821,"op":"l","o":{"id":"MOCK-ASK-UBER-7-1751351925821","side":"sell","price":85.595,"size":2.473220037237477,"type":"limit"}},{"opId":58,"ts":1751351925823,"op":"l","o":{"id":"MOCK-ASK-UBER-8-1751351925823","side":"sell","price":85.68,"size":1.6630929957694274,"type":"limit"}},{"opId":59,"ts":1751351925824,"op":"l","o":{"id":"MOCK-ASK-UBER-9-1751351925824","side":"sell","price":85.765,"size":2.95771652085932,"type":"limit"}},{"opId":60,"ts":1751351925826,"op":"l","o":{"id":"MOCK-ASK-UBER-10-1751351925826","side":"sell","price":85.85,"size":1.0643619954940287,"type":"limit"}},{"opId":61,"ts":1751352295848,"op":"l","o":{"id":"MOCK-BID-UBER-1-1751352295848","side":"buy","price":84.915,"size":2.4574044999167053,"type":"limit"}},{"opId":62,"ts":1751352295850,"op":"l","o":{"id":"MOCK-BID-UBER-2-1751352295850","side":"buy","price":84.83,"size":4.781302836917874,"type":"limit"}},{"opId":63,"ts":1751352295852,"op":"l","o":{"id":"MOCK-BID-UBER-3-1751352295852","side":"buy","price":84.745,"size":2.698382276682496,"type":"limit"}},{"opId":64,"ts":1751352295853,"op":"l","o":{"id":"MOCK-BID-UBER-4-1751352295853","side":"buy","price":84.66,"size":0.6373289835331873,"type":"limit"}},{"opId":65,"ts":1751352295855,"op":"l","o":{"id":"MOCK-BID-UBER-5-1751352295855","side":"buy","price":84.575,"size":2.935440672130133,"type":"limit"}},{"opId":66,"ts":1751352295862,"op":"l","o":{"id":"MOCK-BID-UBER-6-1751352295862","side":"buy","price":84.49,"size":2.309372510412581,"type":"limit"}},{"opId":67,"ts":1751352295866,"op":"l","o":{"id":"MOCK-BID-UBER-7-1751352295866","side":"buy","price":84.405,"size":3.6076620142154723,"type":"limit"}},{"opId":68,"ts":1751352295875,"op":"l","o":{"id":"MOCK-BID-UBER-8-1751352295875","side":"buy","price":84.32,"size":1.395976938743565,"type":"limit"}},{"opId":69,"ts":1751352295877,"op":"l","o":{"id":"MOCK-BID-UBER-9-1751352295877","side":"buy","price":84.235,"size":2.1423296684407567,"type":"limit"}},{"opId":70,"ts":1751352295879,"op":"l","o":{"id":"MOCK-BID-UBER-10-1751352295879","side":"buy","price":84.15,"size":0.9972710539385975,"type":"limit"}},{"opId":71,"ts":1751352295881,"op":"l","o":{"id":"MOCK-ASK-UBER-1-1751352295881","side":"sell","price":85.085,"size":3.1234818898024765,"type":"limit"}},{"opId":72,"ts":1751352295891,"op":"l","o":{"id":"MOCK-ASK-UBER-2-1751352295891","side":"sell","price":85.17,"size":1.318878350533469,"type":"limit"}},{"opId":73,"ts":1751352295894,"op":"l","o":{"id":"MOCK-ASK-UBER-3-1751352295894","side":"sell","price":85.255,"size":0.1670281979152676,"type":"limit"}},{"opId":74,"ts":1751352295895,"op":"l","o":{"id":"MOCK-ASK-UBER-4-1751352295895","side":"sell","price":85.34,"size":0.1090081930155117,"type":"limit"}},{"opId":75,"ts":1751352295897,"op":"l","o":{"id":"MOCK-ASK-UBER-5-1751352295897","side":"sell","price":85.425,"size":4.1848200447733195,"type":"limit"}},{"opId":76,"ts":1751352295900,"op":"l","o":{"id":"MOCK-ASK-UBER-6-1751352295899","side":"sell","price":85.51,"size":0.16330062270787363,"type":"limit"}},{"opId":77,"ts":1751352295905,"op":"l","o":{"id":"MOCK-ASK-UBER-7-1751352295904","side":"sell","price":85.595,"size":0.9454865061560557,"type":"limit"}},{"opId":78,"ts":1751352295908,"op":"l","o":{"id":"MOCK-ASK-UBER-8-1751352295908","side":"sell","price":85.68,"size":3.0717497162619467,"type":"limit"}},{"opId":79,"ts":1751352295910,"op":"l","o":{"id":"MOCK-ASK-UBER-9-1751352295910","side":"sell","price":85.765,"size":3.6741204152899907,"type":"limit"}},{"opId":80,"ts":1751352295911,"op":"l","o":{"id":"MOCK-ASK-UBER-10-1751352295911","side":"sell","price":85.85,"size":0.1799102587787981,"type":"limit"}},{"opId":81,"ts":1751354317340,"op":"l","o":{"id":"MOCK-BID-UBER-1-1751354317340","side":"buy","price":84.915,"size":0.31627370953910094,"type":"limit"}},{"opId":82,"ts":1751354317342,"op":"l","o":{"id":"MOCK-BID-UBER-2-1751354317342","side":"buy","price":84.83,"size":1.7908908655384903,"type":"limit"}},{"opId":83,"ts":1751354317345,"op":"l","o":{"id":"MOCK-BID-UBER-3-1751354317345","side":"buy","price":84.745,"size":2.975903134111054,"type":"limit"}},{"opId":84,"ts":1751354317347,"op":"l","o":{"id":"MOCK-BID-UBER-4-1751354317347","side":"buy","price":84.66,"size":4.590080550984366,"type":"limit"}},{"opId":85,"ts":1751354317350,"op":"l","o":{"id":"MOCK-BID-UBER-5-1751354317350","side":"buy","price":84.575,"size":0.4261896372009065,"type":"limit"}},{"opId":86,"ts":1751354317352,"op":"l","o":{"id":"MOCK-BID-UBER-6-1751354317352","side":"buy","price":84.49,"size":4.614368815487515,"type":"limit"}},{"opId":87,"ts":1751354317355,"op":"l","o":{"id":"MOCK-BID-UBER-7-1751354317355","side":"buy","price":84.405,"size":3.7886824930652128,"type":"limit"}},{"opId":88,"ts":1751354317357,"op":"l","o":{"id":"MOCK-BID-UBER-8-1751354317357","side":"buy","price":84.32,"size":3.283432801190469,"type":"limit"}},{"opId":89,"ts":1751354317360,"op":"l","o":{"id":"MOCK-BID-UBER-9-1751354317360","side":"buy","price":84.235,"size":0.7040430087608806,"type":"limit"}},{"opId":90,"ts":1751354317363,"op":"l","o":{"id":"MOCK-BID-UBER-10-1751354317363","side":"buy","price":84.15,"size":3.513464470832958,"type":"limit"}},{"opId":91,"ts":1751354317366,"op":"l","o":{"id":"MOCK-ASK-UBER-1-1751354317366","side":"sell","price":85.085,"size":2.3357790226051436,"type":"limit"}},{"opId":92,"ts":1751354317368,"op":"l","o":{"id":"MOCK-ASK-UBER-2-1751354317368","side":"sell","price":85.17,"size":3.2622782287448495,"type":"limit"}},{"opId":93,"ts":1751354317370,"op":"l","o":{"id":"MOCK-ASK-UBER-3-1751354317370","side":"sell","price":85.255,"size":4.433092603579249,"type":"limit"}},{"opId":94,"ts":1751354317372,"op":"l","o":{"id":"MOCK-ASK-UBER-4-1751354317372","side":"sell","price":85.34,"size":3.774657196010119,"type":"limit"}},{"opId":95,"ts":1751354317374,"op":"l","o":{"id":"MOCK-ASK-UBER-5-1751354317374","side":"sell","price":85.425,"size":3.9255313833445835,"type":"limit"}},{"opId":96,"ts":1751354317377,"op":"l","o":{"id":"MOCK-ASK-UBER-6-1751354317377","side":"sell","price":85.51,"size":2.4601985144870597,"type":"limit"}},{"opId":97,"ts":1751354317380,"op":"l","o":{"id":"MOCK-ASK-UBER-7-1751354317380","side":"sell","price":85.595,"size":4.114063753537805,"type":"limit"}},{"opId":98,"ts":1751354317385,"op":"l","o":{"id":"MOCK-ASK-UBER-8-1751354317385","side":"sell","price":85.68,"size":0.41871238028135405,"type":"limit"}},{"opId":99,"ts":1751354317390,"op":"l","o":{"id":"MOCK-ASK-UBER-9-1751354317390","side":"sell","price":85.765,"size":0.2950423888804975,"type":"limit"}},{"opId":100,"ts":1751354317392,"op":"l","o":{"id":"MOCK-ASK-UBER-10-1751354317392","side":"sell","price":85.85,"size":2.075140265545675,"type":"limit"}},{"opId":101,"ts":1751362208989,"op":"l","o":{"id":"MOCK-BID-UBER-1-1751362208989","side":"buy","price":84.915,"size":0.3072100633395912,"type":"limit"}},{"opId":102,"ts":1751362208991,"op":"l","o":{"id":"MOCK-BID-UBER-2-1751362208991","side":"buy","price":84.83,"size":3.4115655999405248,"type":"limit"}},{"opId":103,"ts":1751362208992,"op":"l","o":{"id":"MOCK-BID-UBER-3-1751362208992","side":"buy","price":84.745,"size":4.047516924328008,"type":"limit"}},{"opId":104,"ts":1751362208994,"op":"l","o":{"id":"MOCK-BID-UBER-4-1751362208994","side":"buy","price":84.66,"size":2.407974150704526,"type":"limit"}},{"opId":105,"ts":1751362208997,"op":"l","o":{"id":"MOCK-BID-UBER-5-1751362208997","side":"buy","price":84.575,"size":2.953257167458616,"type":"limit"}},{"opId":106,"ts":1751362209000,"op":"l","o":{"id":"MOCK-BID-UBER-6-1751362209000","side":"buy","price":84.49,"size":4.927405854781204,"type":"limit"}},{"opId":107,"ts":1751362209003,"op":"l","o":{"id":"MOCK-BID-UBER-7-1751362209003","side":"buy","price":84.405,"size":0.24612280360325137,"type":"limit"}},{"opId":108,"ts":1751362209005,"op":"l","o":{"id":"MOCK-BID-UBER-8-1751362209005","side":"buy","price":84.32,"size":3.9077117191874042,"type":"limit"}},{"opId":109,"ts":1751362209007,"op":"l","o":{"id":"MOCK-BID-UBER-9-1751362209007","side":"buy","price":84.235,"size":2.1962546366657985,"type":"limit"}},{"opId":110,"ts":1751362209010,"op":"l","o":{"id":"MOCK-BID-UBER-10-1751362209010","side":"buy","price":84.15,"size":3.5490979304987857,"type":"limit"}},{"opId":111,"ts":1751362209016,"op":"l","o":{"id":"MOCK-ASK-UBER-1-1751362209016","side":"sell","price":85.085,"size":0.5176877780887345,"type":"limit"}},{"opId":112,"ts":1751362209018,"op":"l","o":{"id":"MOCK-ASK-UBER-2-1751362209018","side":"sell","price":85.17,"size":4.698397199397289,"type":"limit"}},{"opId":113,"ts":1751362209021,"op":"l","o":{"id":"MOCK-ASK-UBER-3-1751362209021","side":"sell","price":85.255,"size":0.8955550185003657,"type":"limit"}},{"opId":114,"ts":1751362209024,"op":"l","o":{"id":"MOCK-ASK-UBER-4-1751362209023","side":"sell","price":85.34,"size":2.6310935135035476,"type":"limit"}},{"opId":115,"ts":1751362209033,"op":"l","o":{"id":"MOCK-ASK-UBER-5-1751362209033","side":"sell","price":85.425,"size":3.6933936360375053,"type":"limit"}},{"opId":116,"ts":1751362209035,"op":"l","o":{"id":"MOCK-ASK-UBER-6-1751362209035","side":"sell","price":85.51,"size":0.2828755419432981,"type":"limit"}},{"opId":117,"ts":1751362209044,"op":"l","o":{"id":"MOCK-ASK-UBER-7-1751362209043","side":"sell","price":85.595,"size":2.6653554452523296,"type":"limit"}},{"opId":118,"ts":1751362209049,"op":"l","o":{"id":"MOCK-ASK-UBER-8-1751362209049","side":"sell","price":85.68,"size":3.462935870342959,"type":"limit"}},{"opId":119,"ts":1751362209056,"op":"l","o":{"id":"MOCK-ASK-UBER-9-1751362209056","side":"sell","price":85.765,"size":4.095687300069845,"type":"limit"}},{"opId":120,"ts":1751362209069,"op":"l","o":{"id":"MOCK-ASK-UBER-10-1751362209069","side":"sell","price":85.85,"size":4.798487259837334,"type":"limit"}},{"opId":121,"ts":1751362439920,"op":"l","o":{"id":"MOCK-BID-UBER-1-1751362439920","side":"buy","price":84.915,"size":1.1356509735715636,"type":"limit"}},{"opId":122,"ts":1751362439922,"op":"l","o":{"id":"MOCK-BID-UBER-2-1751362439921","side":"buy","price":84.83,"size":3.2613376318640985,"type":"limit"}},{"opId":123,"ts":1751362439925,"op":"l","o":{"id":"MOCK-BID-UBER-3-1751362439925","side":"buy","price":84.745,"size":3.234548786686897,"type":"limit"}},{"opId":124,"ts":1751362439929,"op":"l","o":{"id":"MOCK-BID-UBER-4-1751362439929","side":"buy","price":84.66,"size":0.2016646730378401,"type":"limit"}},{"opId":125,"ts":1751362439930,"op":"l","o":{"id":"MOCK-BID-UBER-5-1751362439930","side":"buy","price":84.575,"size":2.706653050134913,"type":"limit"}},{"opId":126,"ts":1751362439931,"op":"l","o":{"id":"MOCK-BID-UBER-6-1751362439931","side":"buy","price":84.49,"size":0.47134145213803313,"type":"limit"}},{"opId":127,"ts":1751362439932,"op":"l","o":{"id":"MOCK-BID-UBER-7-1751362439932","side":"buy","price":84.405,"size":2.978679048935322,"type":"limit"}},{"opId":128,"ts":1751362439933,"op":"l","o":{"id":"MOCK-BID-UBER-8-1751362439933","side":"buy","price":84.32,"size":1.6148251083069876,"type":"limit"}},{"opId":129,"ts":1751362439934,"op":"l","o":{"id":"MOCK-BID-UBER-9-1751362439934","side":"buy","price":84.235,"size":3.035312559472023,"type":"limit"}},{"opId":130,"ts":1751362439935,"op":"l","o":{"id":"MOCK-BID-UBER-10-1751362439935","side":"buy","price":84.15,"size":5.013455323180021,"type":"limit"}},{"opId":131,"ts":1751362439936,"op":"l","o":{"id":"MOCK-ASK-UBER-1-1751362439936","side":"sell","price":85.085,"size":1.3189360421416008,"type":"limit"}},{"opId":132,"ts":1751362439938,"op":"l","o":{"id":"MOCK-ASK-UBER-2-1751362439937","side":"sell","price":85.17,"size":0.922610817622823,"type":"limit"}},{"opId":133,"ts":1751362439941,"op":"l","o":{"id":"MOCK-ASK-UBER-3-1751362439941","side":"sell","price":85.255,"size":4.233711922510228,"type":"limit"}},{"opId":134,"ts":1751362439942,"op":"l","o":{"id":"MOCK-ASK-UBER-4-1751362439942","side":"sell","price":85.34,"size":1.2563818216375389,"type":"limit"}},{"opId":135,"ts":1751362439944,"op":"l","o":{"id":"MOCK-ASK-UBER-5-1751362439944","side":"sell","price":85.425,"size":2.5008349014708373,"type":"limit"}},{"opId":136,"ts":1751362439946,"op":"l","o":{"id":"MOCK-ASK-UBER-6-1751362439946","side":"sell","price":85.51,"size":3.6275870311692517,"type":"limit"}},{"opId":137,"ts":1751362439948,"op":"l","o":{"id":"MOCK-ASK-UBER-7-1751362439947","side":"sell","price":85.595,"size":3.661765831366911,"type":"limit"}},{"opId":138,"ts":1751362439950,"op":"l","o":{"id":"MOCK-ASK-UBER-8-1751362439950","side":"sell","price":85.68,"size":4.612400566098961,"type":"limit"}},{"opId":139,"ts":1751362439953,"op":"l","o":{"id":"MOCK-ASK-UBER-9-1751362439953","side":"sell","price":85.765,"size":0.7898709806253322,"type":"limit"}},{"opId":140,"ts":1751362439955,"op":"l","o":{"id":"MOCK-ASK-UBER-10-1751362439955","side":"sell","price":85.85,"size":0.1570796586446143,"type":"limit"}},{"opId":141,"ts":1751362636109,"op":"l","o":{"id":"MOCK-BID-UBER-1-1751362636109","side":"buy","price":84.915,"size":1.8617192122622572,"type":"limit"}},{"opId":142,"ts":1751362636113,"op":"l","o":{"id":"MOCK-BID-UBER-2-1751362636112","side":"buy","price":84.83,"size":4.449695995055876,"type":"limit"}},{"opId":143,"ts":1751362636114,"op":"l","o":{"id":"MOCK-BID-UBER-3-1751362636114","side":"buy","price":84.745,"size":0.8945714429089956,"type":"limit"}},{"opId":144,"ts":1751362636118,"op":"l","o":{"id":"MOCK-BID-UBER-4-1751362636117","side":"buy","price":84.66,"size":0.1037032136809645,"type":"limit"}},{"opId":145,"ts":1751362636119,"op":"l","o":{"id":"MOCK-BID-UBER-5-1751362636119","side":"buy","price":84.575,"size":2.7070157761993907,"type":"limit"}},{"opId":146,"ts":1751362636120,"op":"l","o":{"id":"MOCK-BID-UBER-6-1751362636120","side":"buy","price":84.49,"size":4.209490120732125,"type":"limit"}},{"opId":147,"ts":1751362636121,"op":"l","o":{"id":"MOCK-BID-UBER-7-1751362636121","side":"buy","price":84.405,"size":2.9711812293867834,"type":"limit"}},{"opId":148,"ts":1751362636122,"op":"l","o":{"id":"MOCK-BID-UBER-8-1751362636122","side":"buy","price":84.32,"size":1.7939831335689915,"type":"limit"}},{"opId":149,"ts":1751362636123,"op":"l","o":{"id":"MOCK-BID-UBER-9-1751362636123","side":"buy","price":84.235,"size":3.7712333520489993,"type":"limit"}},{"opId":150,"ts":1751362636125,"op":"l","o":{"id":"MOCK-BID-UBER-10-1751362636125","side":"buy","price":84.15,"size":4.3596508360711095,"type":"limit"}},{"opId":151,"ts":1751362636126,"op":"l","o":{"id":"MOCK-ASK-UBER-1-1751362636126","side":"sell","price":85.085,"size":2.299058573389665,"type":"limit"}},{"opId":152,"ts":1751362636129,"op":"l","o":{"id":"MOCK-ASK-UBER-2-1751362636128","side":"sell","price":85.17,"size":4.836241905348621,"type":"limit"}},{"opId":153,"ts":1751362636132,"op":"l","o":{"id":"MOCK-ASK-UBER-3-1751362636132","side":"sell","price":85.255,"size":0.40819866150070927,"type":"limit"}},{"opId":154,"ts":1751362636134,"op":"l","o":{"id":"MOCK-ASK-UBER-4-1751362636134","side":"sell","price":85.34,"size":3.220766511290103,"type":"limit"}},{"opId":155,"ts":1751362636135,"op":"l","o":{"id":"MOCK-ASK-UBER-5-1751362636135","side":"sell","price":85.425,"size":0.8678244807113743,"type":"limit"}},{"opId":156,"ts":1751362636136,"op":"l","o":{"id":"MOCK-ASK-UBER-6-1751362636136","side":"sell","price":85.51,"size":1.7614955233792795,"type":"limit"}},{"opId":157,"ts":1751362636138,"op":"l","o":{"id":"MOCK-ASK-UBER-7-1751362636138","side":"sell","price":85.595,"size":1.2629022885957975,"type":"limit"}},{"opId":158,"ts":1751362636139,"op":"l","o":{"id":"MOCK-ASK-UBER-8-1751362636139","side":"sell","price":85.68,"size":3.866885805585407,"type":"limit"}},{"opId":159,"ts":1751362636141,"op":"l","o":{"id":"MOCK-ASK-UBER-9-1751362636141","side":"sell","price":85.765,"size":1.8104671447681964,"type":"limit"}},{"opId":160,"ts":1751362636143,"op":"l","o":{"id":"MOCK-ASK-UBER-10-1751362636142","side":"sell","price":85.85,"size":2.2767711458702,"type":"limit"}},{"opId":161,"ts":1751607720063,"op":"l","o":{"id":"MOCK-BID-UBER-1-1751607720063","side":"buy","price":84.915,"size":1.9481289647888456,"type":"limit"}},{"opId":162,"ts":1751607720065,"op":"l","o":{"id":"MOCK-BID-UBER-2-1751607720065","side":"buy","price":84.83,"size":2.9204834946175273,"type":"limit"}},{"opId":163,"ts":1751607720067,"op":"l","o":{"id":"MOCK-BID-UBER-3-1751607720067","side":"buy","price":84.745,"size":0.7059049487771184,"type":"limit"}},{"opId":164,"ts":1751607720069,"op":"l","o":{"id":"MOCK-BID-UBER-4-1751607720069","side":"buy","price":84.66,"size":4.724951713790287,"type":"limit"}},{"opId":165,"ts":1751607720072,"op":"l","o":{"id":"MOCK-BID-UBER-5-1751607720072","side":"buy","price":84.575,"size":3.0747434973925523,"type":"limit"}},{"opId":166,"ts":1751607720074,"op":"l","o":{"id":"MOCK-BID-UBER-6-1751607720074","side":"buy","price":84.49,"size":0.26435831065651494,"type":"limit"}},{"opId":167,"ts":1751607720079,"op":"l","o":{"id":"MOCK-BID-UBER-7-1751607720079","side":"buy","price":84.405,"size":1.3709586723049993,"type":"limit"}},{"opId":168,"ts":1751607720083,"op":"l","o":{"id":"MOCK-BID-UBER-8-1751607720083","side":"buy","price":84.32,"size":2.9871589029793033,"type":"limit"}},{"opId":169,"ts":1751607720084,"op":"l","o":{"id":"MOCK-BID-UBER-9-1751607720084","side":"buy","price":84.235,"size":4.829840832103102,"type":"limit"}},{"opId":170,"ts":1751607720086,"op":"l","o":{"id":"MOCK-BID-UBER-10-1751607720086","side":"buy","price":84.15,"size":1.7298271402240983,"type":"limit"}},{"opId":171,"ts":1751607720089,"op":"l","o":{"id":"MOCK-ASK-UBER-1-1751607720089","side":"sell","price":85.085,"size":3.9679828665293426,"type":"limit"}},{"opId":172,"ts":1751607720094,"op":"l","o":{"id":"MOCK-ASK-UBER-2-1751607720094","side":"sell","price":85.17,"size":0.2754400821286983,"type":"limit"}},{"opId":173,"ts":1751607720097,"op":"l","o":{"id":"MOCK-ASK-UBER-3-1751607720097","side":"sell","price":85.255,"size":3.6599312016457843,"type":"limit"}},{"opId":174,"ts":1751607720098,"op":"l","o":{"id":"MOCK-ASK-UBER-4-1751607720098","side":"sell","price":85.34,"size":4.898523362408891,"type":"limit"}},{"opId":175,"ts":1751607720100,"op":"l","o":{"id":"MOCK-ASK-UBER-5-1751607720100","side":"sell","price":85.425,"size":0.3251441972901069,"type":"limit"}},{"opId":176,"ts":1751607720102,"op":"l","o":{"id":"MOCK-ASK-UBER-6-1751607720102","side":"sell","price":85.51,"size":4.163498485241981,"type":"limit"}},{"opId":177,"ts":1751607720104,"op":"l","o":{"id":"MOCK-ASK-UBER-7-1751607720104","side":"sell","price":85.595,"size":3.473100439144985,"type":"limit"}},{"opId":178,"ts":1751607720108,"op":"l","o":{"id":"MOCK-ASK-UBER-8-1751607720107","side":"sell","price":85.68,"size":4.80634552717278,"type":"limit"}},{"opId":179,"ts":1751607720114,"op":"l","o":{"id":"MOCK-ASK-UBER-9-1751607720114","side":"sell","price":85.765,"size":2.758444541375795,"type":"limit"}},{"opId":180,"ts":1751607720116,"op":"l","o":{"id":"MOCK-ASK-UBER-10-1751607720116","side":"sell","price":85.85,"size":0.20987072553590216,"type":"limit"}},{"opId":181,"ts":1751608274092,"op":"l","o":{"id":"MOCK-BID-UBER-1-1751608274092","side":"buy","price":84.915,"size":0.1332794575784079,"type":"limit"}},{"opId":182,"ts":1751608274096,"op":"l","o":{"id":"MOCK-BID-UBER-2-1751608274095","side":"buy","price":84.83,"size":2.8365254145602283,"type":"limit"}},{"opId":183,"ts":1751608274097,"op":"l","o":{"id":"MOCK-BID-UBER-3-1751608274097","side":"buy","price":84.745,"size":3.3534272485193726,"type":"limit"}},{"opId":184,"ts":1751608274099,"op":"l","o":{"id":"MOCK-BID-UBER-4-1751608274098","side":"buy","price":84.66,"size":2.764736292502563,"type":"limit"}},{"opId":185,"ts":1751608274100,"op":"l","o":{"id":"MOCK-BID-UBER-5-1751608274100","side":"buy","price":84.575,"size":2.823298458319583,"type":"limit"}},{"opId":186,"ts":1751608274102,"op":"l","o":{"id":"MOCK-BID-UBER-6-1751608274101","side":"buy","price":84.49,"size":0.8843704036445575,"type":"limit"}},{"opId":187,"ts":1751608274105,"op":"l","o":{"id":"MOCK-BID-UBER-7-1751608274105","side":"buy","price":84.405,"size":2.1867888852224016,"type":"limit"}},{"opId":188,"ts":1751608274109,"op":"l","o":{"id":"MOCK-BID-UBER-8-1751608274109","side":"buy","price":84.32,"size":1.0115394491939977,"type":"limit"}},{"opId":189,"ts":1751608274111,"op":"l","o":{"id":"MOCK-BID-UBER-9-1751608274110","side":"buy","price":84.235,"size":1.271712576194306,"type":"limit"}},{"opId":190,"ts":1751608274112,"op":"l","o":{"id":"MOCK-BID-UBER-10-1751608274112","side":"buy","price":84.15,"size":0.3184719556851433,"type":"limit"}},{"opId":191,"ts":1751608274113,"op":"l","o":{"id":"MOCK-ASK-UBER-1-1751608274113","side":"sell","price":85.085,"size":0.631196696399866,"type":"limit"}},{"opId":192,"ts":1751608274115,"op":"l","o":{"id":"MOCK-ASK-UBER-2-1751608274115","side":"sell","price":85.17,"size":2.204522874263941,"type":"limit"}},{"opId":193,"ts":1751608274117,"op":"l","o":{"id":"MOCK-ASK-UBER-3-1751608274117","side":"sell","price":85.255,"size":1.1829575534474246,"type":"limit"}},{"opId":194,"ts":1751608274119,"op":"l","o":{"id":"MOCK-ASK-UBER-4-1751608274119","side":"sell","price":85.34,"size":0.38651614231131826,"type":"limit"}},{"opId":195,"ts":1751608274121,"op":"l","o":{"id":"MOCK-ASK-UBER-5-1751608274121","side":"sell","price":85.425,"size":2.5860657904414395,"type":"limit"}},{"opId":196,"ts":1751608274125,"op":"l","o":{"id":"MOCK-ASK-UBER-6-1751608274125","side":"sell","price":85.51,"size":1.407247399930227,"type":"limit"}},{"opId":197,"ts":1751608274130,"op":"l","o":{"id":"MOCK-ASK-UBER-7-1751608274130","side":"sell","price":85.595,"size":4.987708890957669,"type":"limit"}},{"opId":198,"ts":1751608274132,"op":"l","o":{"id":"MOCK-ASK-UBER-8-1751608274132","side":"sell","price":85.68,"size":0.9024338300630029,"type":"limit"}},{"opId":199,"ts":1751608274134,"op":"l","o":{"id":"MOCK-ASK-UBER-9-1751608274134","side":"sell","price":85.765,"size":3.9334405959199503,"type":"limit"}},{"opId":200,"ts":1751608274136,"op":"l","o":{"id":"MOCK-ASK-UBER-10-1751608274136","side":"sell","price":85.85,"size":3.4384801627682884,"type":"limit"}},{"opId":201,"ts":1751616148086,"op":"l","o":{"id":"MOCK-BID-UBER-1-1751616148086","side":"buy","price":84.915,"size":4.5657998400187045,"type":"limit"}},{"opId":202,"ts":1751616148094,"op":"l","o":{"id":"MOCK-BID-UBER-2-1751616148094","side":"buy","price":84.83,"size":1.7313718992075267,"type":"limit"}},{"opId":203,"ts":1751616148099,"op":"l","o":{"id":"MOCK-BID-UBER-3-1751616148099","side":"buy","price":84.745,"size":4.460922222037663,"type":"limit"}},{"opId":204,"ts":1751616148102,"op":"l","o":{"id":"MOCK-BID-UBER-4-1751616148102","side":"buy","price":84.66,"size":4.676858520925098,"type":"limit"}},{"opId":205,"ts":1751616148105,"op":"l","o":{"id":"MOCK-BID-UBER-5-1751616148105","side":"buy","price":84.575,"size":1.3354320528141728,"type":"limit"}},{"opId":206,"ts":1751616148111,"op":"l","o":{"id":"MOCK-BID-UBER-6-1751616148110","side":"buy","price":84.49,"size":1.2803805303845939,"type":"limit"}},{"opId":207,"ts":1751616148116,"op":"l","o":{"id":"MOCK-BID-UBER-7-1751616148116","side":"buy","price":84.405,"size":3.950421174522929,"type":"limit"}},{"opId":208,"ts":1751616148119,"op":"l","o":{"id":"MOCK-BID-UBER-8-1751616148119","side":"buy","price":84.32,"size":0.9635585510449806,"type":"limit"}},{"opId":209,"ts":1751616148171,"op":"l","o":{"id":"MOCK-BID-UBER-9-1751616148171","side":"buy","price":84.235,"size":0.9821515837197025,"type":"limit"}},{"opId":210,"ts":1751616148174,"op":"l","o":{"id":"MOCK-BID-UBER-10-1751616148174","side":"buy","price":84.15,"size":0.44213010359971816,"type":"limit"}},{"opId":211,"ts":1751616148183,"op":"l","o":{"id":"MOCK-ASK-UBER-1-1751616148183","side":"sell","price":85.085,"size":3.8138685643061456,"type":"limit"}},{"opId":212,"ts":1751616148186,"op":"l","o":{"id":"MOCK-ASK-UBER-2-1751616148186","side":"sell","price":85.17,"size":0.6722598427278924,"type":"limit"}},{"opId":213,"ts":1751616148189,"op":"l","o":{"id":"MOCK-ASK-UBER-3-1751616148189","side":"sell","price":85.255,"size":0.8732084509562342,"type":"limit"}},{"opId":214,"ts":1751616148192,"op":"l","o":{"id":"MOCK-ASK-UBER-4-1751616148191","side":"sell","price":85.34,"size":2.752582370408838,"type":"limit"}},{"opId":215,"ts":1751616148199,"op":"l","o":{"id":"MOCK-ASK-UBER-5-1751616148199","side":"sell","price":85.425,"size":4.0453926178262805,"type":"limit"}},{"opId":216,"ts":1751616148202,"op":"l","o":{"id":"MOCK-ASK-UBER-6-1751616148202","side":"sell","price":85.51,"size":1.316087610348765,"type":"limit"}},{"opId":217,"ts":1751616148221,"op":"l","o":{"id":"MOCK-ASK-UBER-7-1751616148221","side":"sell","price":85.595,"size":3.996917821324183,"type":"limit"}},{"opId":218,"ts":1751616148438,"op":"l","o":{"id":"MOCK-ASK-UBER-8-1751616148438","side":"sell","price":85.68,"size":2.8790584963804124,"type":"limit"}},{"opId":219,"ts":1751616148449,"op":"l","o":{"id":"MOCK-ASK-UBER-9-1751616148449","side":"sell","price":85.765,"size":1.9838424462569526,"type":"limit"}},{"opId":220,"ts":1751616148455,"op":"l","o":{"id":"MOCK-ASK-UBER-10-1751616148455","side":"sell","price":85.85,"size":0.9277754587099717,"type":"limit"}}]